=LDR  01313cab a22002894i 4500
=001  a012294896
=003  FI-MELINDA
=005  20191015195258.0
=008  951205s1994\\\\fi\|||||\||||||||||0fin||
=035  \\$a(FI-MELINDA)012294896
=041  0\$afin
=100  1\$aKoivunen, Hannele$d(1949- )$1http://viaf.org/viaf/229292047
=245  10$aNainen, joka ymmärsi täydellisesti.
=336  \\$ateksti$btxt$2rdacontent
=337  \\$akäytettävissä ilman laitetta$bn$2rdamedia
=380  \\$akirja-arvostelu
=380  \\$iMajor genre$aSecondary literature$leng
=600  04$aMaria Magdaleena.
=600  14$aKoivunen, Hannele$d(1949- )$tThe woman who understood completely.$1http://viaf.org/viaf/229292047
=650  \7$akirja-arvostelut$2yso/fin$0http://www.yso.fi/onto/yso/p3537
=650  \7$alitteraturrecensioner$2yso/swe$0http://www.yso.fi/onto/yso/p3537
=650  \7$aReview$2ELB-g
=773  0\$w(FI-MELINDA)009326693$7nnas$w(FI-Arto)1388946$tKirjastolehti. -$x0023-1843. -$dHelsinki : Suomen kirjastoseura. -$g87 (1994) : 7-8, s. 230$q0007$sKirjastolehti (Painettu)
=787  08$iArvosteltu teos:$tThe woman who understood completely : a semiotic analysis of the Mary Magdalene Myth in the gnostic gospel of Mary$aHannele Koivunen
=850  \\$aFI-Y$5ARTO
=960  \\$aARTO
=995  \\$aKansalliskirjasto$bKinf$5ARTO

