=LDR  01852cab a22004094i 4500
=001  a012295038
=003  FI-MELINDA
=005  20190704132233.0
=008  951205s1917\\\\fi\|||||\||||||||||0swe||
=035  \\$a(FI-MELINDA)012295038
=041  0\$aswe
=080  \\$a929
=084  \\$aHIS:3$2z
=100  1\$aBonsdorff, M. von.
=245  10$aKirja-arvostelu /$cM. von Bonsdorff.
=336  \\$ateksti$btxt$2rdacontent
=337  \\$akäytettävissä ilman laitetta$bn$2rdamedia
=380  \\$akirja-arvostelu
=380  \\$iMajor genre$aSecondary literature$leng
=600  14$aSöderhjelm, Alma.$tNapoleons syskon.
=650  \7$afamiljer$2yso/swe$0http://www.yso.fi/onto/yso/p4363
=650  \7$ahenkilöhistoria$2yso/fin$0http://www.yso.fi/onto/yso/p2718
=650  \7$akeisarit$2yso/fin$0http://www.yso.fi/onto/yso/p9668
=650  \7$akejsare$2yso/swe$0http://www.yso.fi/onto/yso/p9668
=650  \7$akirja-arvostelut$2yso/fin$0http://www.yso.fi/onto/yso/p3537
=650  \7$alitteraturrecensioner$2yso/swe$0http://www.yso.fi/onto/yso/p3537
=650  \7$aperheet$2yso/fin$0http://www.yso.fi/onto/yso/p4363
=650  \7$apersonhistoria$2yso/swe$0http://www.yso.fi/onto/yso/p2718
=650  \7$asisarukset$2yso/fin$0http://www.yso.fi/onto/yso/p1571
=650  \7$asyskon$2yso/swe$0http://www.yso.fi/onto/yso/p1571
=650  \7$aReview$2ELB-g
=651  \7$aFrankrike$2yso/swe$0http://www.yso.fi/onto/yso/p104968
=651  \7$aRanska$2yso/fin$0http://www.yso.fi/onto/yso/p104968
=773  0\$w(FI-MELINDA)009321616$7nnas$w(FI-Arto)1388932$tHistorisk tidskrift för Finland. -$x0046-7596 . -$dHelsingfors : Historiska föreningen. -$g2 (1917) : 1, s. 56-58$q0001$sHistorisk tidskrift för Finland (Print)
=787  08$iArvosteltu teos:$tNapoleons syskon$aAlma Söderhjelm.$dHelsingfors, 1916
=960  \\$aARTO
=995  \\$aKansalliskirjasto$bHist$5ARTO

