=LDR  00898cab a22002414i 4500
=001  a012295044
=003  FI-MELINDA
=005  20191015195605.0
=008  951205s1995\\\\fi\|||||\||||||||||0fin||
=035  \\$a(FI-MELINDA)012295044
=041  0\$afin
=080  \\$a07
=100  1\$aBénain, Sarianna.
=245  10$aPääskysen lukija kasvoi Pariisissa lehtinaiseksi.
=336  \\$ateksti$btxt$2rdacontent
=337  \\$akäytettävissä ilman laitetta$bn$2rdamedia
=600  14$aSpiran, Irja.
=650  \7$ahenkilökuvaus$2yso/fin$0http://www.yso.fi/onto/yso/p15374
=650  \7$apersonskildring$2yso/swe$0http://www.yso.fi/onto/yso/p15374
=773  0\$w(FI-MELINDA)000590314$7nnas$w(FI-Arto)1386603$tJournalisti. -$x1236-3596. -$d[Helsinki] : Suomen journalistiliitto. -$g71 (1995) : 12, s. 13$q0012$sJournalisti (Painettu)
=850  \\$aFI-PTK$5ARTO
=960  \\$aARTO
=995  \\$aKansalliskirjasto$bTek$5ARTO

