=LDR  01790cab a22003974i 4500
=001  a012295053
=003  FI-MELINDA
=005  20210114222552.0
=008  951205s1928\\\\fi\|||||\||||||||||0swe||
=035  \\$a(FI-MELINDA)012295053
=041  0\$aswe
=080  \\$a272
=080  \\$a931/939
=084  \\$aHIS:4$2z
=100  1\$aGummerus, Herman.
=245  10$aKristendomen och antiken.$pHerman Gummerus.
=336  \\$ateksti$btxt$2rdacontent
=337  \\$akäytettävissä ilman laitetta$bn$2rdamedia
=380  \\$akirja-arvostelu
=380  \\$iMajor genre$aSecondary literature$leng
=600  14$aHeikel, Ivar A..$tDe kristna och den antika hedendomen.
=650  \7$aantiikki$2yso/fin$0http://www.yso.fi/onto/yso/p3973
=650  \7$aantiken$2yso/swe$0http://www.yso.fi/onto/yso/p3973
=650  \7$ahedendom$2yso/swe$0http://www.yso.fi/onto/yso/p14521
=650  \7$akirja-arvostelut$2yso/fin$0http://www.yso.fi/onto/yso/p3537
=650  \7$akristityt$2yso/fin$0http://www.yso.fi/onto/yso/p6991
=650  \7$akristna$2yso/swe$0http://www.yso.fi/onto/yso/p6991
=650  \7$alitteraturrecensioner$2yso/swe$0http://www.yso.fi/onto/yso/p3537
=650  \7$apakanuus$2yso/fin$0http://www.yso.fi/onto/yso/p14521
=650  \7$atidig kristendom$2yso/swe$0http://www.yso.fi/onto/yso/p16480
=650  \7$avarhaiskristillisyys$2yso/fin$0http://www.yso.fi/onto/yso/p16480
=650  \7$aReview$2ELB-g
=773  0\$7nnas$w(FI-MELINDA)009321616$w(FI-Arto)1388932$tHistorisk tidskrift för Finland. -$x0046-7596. -$dHelsingfors : Historiska föreningen. -$g13 (1928) : 1, s. 34-38$q0001$sHistorisk tidskrift för Finland (Print)
=787  08$iArvosteltu teos:$tDe kristna och den antika hedendomen$aIvar A. Heikel.$dHelsingfors, 1927
=960  \\$aARTO
=995  \\$aKansalliskirjasto$bHist$5ARTO

