=LDR  02010cab a22004214i 4500
=001  a012295064
=003  FI-MELINDA
=005  20190704132239.0
=008  951205s1966\\\\fi\|||||\||||||||||0swe||
=035  \\$a(FI-MELINDA)012295064
=041  0\$aswe
=080  \\$a27
=080  \\$a929 Pyhä Birgitta
=084  \\$aHIS:5.2$2z
=100  1\$aChydenius, Johan.
=245  14$aDen heliga Birgittas källor /$cJohan Chydenius.
=336  \\$ateksti$btxt$2rdacontent
=337  \\$akäytettävissä ilman laitetta$bn$2rdamedia
=380  \\$akirja-arvostelu
=380  \\$iMajor genre$aSecondary literature$leng
=600  14$aKlockars, Birgit$d(1912-1996)$tBirgitta och böckerna.$1http://viaf.org/viaf/1313751
=650  \7$aforskning$2yso/swe$0http://www.yso.fi/onto/yso/p183
=650  \7$ahelgon$2yso/swe$0http://www.yso.fi/onto/yso/p5832
=650  \7$akeskiaika$2yso/fin$0http://www.yso.fi/onto/yso/p2559
=650  \7$akirja-arvostelut$2yso/fin$0http://www.yso.fi/onto/yso/p3537
=650  \7$akällmaterial$2yso/swe$0http://www.yso.fi/onto/yso/p7605
=650  \7$alitteraturrecensioner$2yso/swe$0http://www.yso.fi/onto/yso/p3537
=650  \7$alähdeaineisto$2yso/fin$0http://www.yso.fi/onto/yso/p7605
=650  \7$amedeltiden$2yso/swe$0http://www.yso.fi/onto/yso/p2559
=650  \7$apyhimykset ja pyhät$2yso/fin$0http://www.yso.fi/onto/yso/p5832
=650  \7$atutkimus$2yso/fin$0http://www.yso.fi/onto/yso/p183
=650  \7$aReview$2ELB-g
=651  \7$aRuotsi$2yso/fin$0http://www.yso.fi/onto/yso/p94383
=651  \7$aSverige$2yso/swe$0http://www.yso.fi/onto/yso/p94383
=773  0\$w(FI-MELINDA)009321616$7nnas$w(FI-Arto)1388932$tHistorisk tidskrift för Finland. -$x0046-7596 . -$dHelsingfors : Historiska föreningen. -$g51 (1966) : 3, s. 124-126$q0003$sHistorisk tidskrift för Finland (Print)
=787  08$iArvosteltu teos:$tBirgitta och böckerna : en undersökning av den heliga Birgittas källor$aBirgit Klockars.$dStockholm, 1966
=960  \\$aARTO
=995  \\$aKansalliskirjasto$bHist$5ARTO

