=LDR  01786cab a22003854i 4500
=001  a012295066
=003  FI-MELINDA
=005  20191015195628.0
=008  951205s1949\\\\fi\|||||\||||||||||0swe||
=035  \\$a(FI-MELINDA)012295066
=041  0\$aswe
=080  \\$a931/939
=084  \\$aHIS:4$2z
=100  1\$aSundwall, Johannes.
=245  10$aKring 'Kejsar Augustus och arvet från Rom' /$cJohannes Sundwall.
=336  \\$ateksti$btxt$2rdacontent
=337  \\$akäytettävissä ilman laitetta$bn$2rdamedia
=380  \\$akirja-arvostelu
=380  \\$iMajor genre$aSecondary literature$leng
=600  14$aLinkomies, Edwin.$tKejsar Augustus och arvet från Rom.
=650  \7$aantiikki$2yso/fin$0http://www.yso.fi/onto/yso/p3973
=650  \7$aantiken$2yso/swe$0http://www.yso.fi/onto/yso/p3973
=650  \7$akeisarit$2yso/fin$0http://www.yso.fi/onto/yso/p9668
=650  \7$akejsare$2yso/swe$0http://www.yso.fi/onto/yso/p9668
=650  \7$akirja-arvostelut$2yso/fin$0http://www.yso.fi/onto/yso/p3537
=650  \7$akulttuuri$2yso/fin$0http://www.yso.fi/onto/yso/p372
=650  \7$akultur$2yso/swe$0http://www.yso.fi/onto/yso/p372
=650  \7$alitteraturrecensioner$2yso/swe$0http://www.yso.fi/onto/yso/p3537
=650  \7$aReview$2ELB-g
=651  \7$aRomerska riket$2yso/swe$0http://www.yso.fi/onto/yso/p105081
=651  \7$aRooman valtakunta$2yso/fin$0http://www.yso.fi/onto/yso/p105081
=773  0\$w(FI-MELINDA)009321616$7nnas$w(FI-Arto)1388932$tHistorisk tidskrift för Finland. -$x0046-7596 . -$dHelsingfors : Historiska föreningen. -$g34 (1949) : 1, s. 15-18$q0001$sHistorisk tidskrift för Finland (Print)
=787  08$iArvosteltu teos:$tKejsar Augustus och arvet från Rom$aEdwin Linkomies.$dHelsingfors, 1948
=960  \\$aARTO
=995  \\$aKansalliskirjasto$bHist$5ARTO

