=LDR  01863cab a22003854i 4500
=001  a012295072
=003  FI-MELINDA
=005  20191015195640.0
=008  951205s1932\\\\fi\|||||\||||||||||0swe||
=035  \\$a(FI-MELINDA)012295072
=041  0\$aswe
=080  \\$a931/939
=084  \\$aHIS:4$2z
=100  1\$aGummerus, Herman.
=245  14$aDet ekonomiska livet under 300-talet e.Kr. /$cH. Gummerus.
=336  \\$ateksti$btxt$2rdacontent
=337  \\$akäytettävissä ilman laitetta$bn$2rdamedia
=380  \\$akirja-arvostelu
=380  \\$iMajor genre$aSecondary literature$leng
=600  14$aMickwitz, Gunnar.$tGeld und Wirtschaft im Römischen Reich des vierten Jahrhunderts n. Chr.
=650  \7$aantiikki$2yso/fin$0http://www.yso.fi/onto/yso/p3973
=650  \7$aantiken$2yso/swe$0http://www.yso.fi/onto/yso/p3973
=650  \7$aekonomiskt liv$2yso/swe$0http://www.yso.fi/onto/yso/p12621
=650  \7$akirja-arvostelut$2yso/fin$0http://www.yso.fi/onto/yso/p3537
=650  \7$alitteraturrecensioner$2yso/swe$0http://www.yso.fi/onto/yso/p3537
=650  \7$apengar$2yso/swe$0http://www.yso.fi/onto/yso/p3574
=650  \7$araha$2yso/fin$0http://www.yso.fi/onto/yso/p3574
=650  \7$atalouselämä$2yso/fin$0http://www.yso.fi/onto/yso/p12621
=650  \7$aReview$2ELB-g
=651  \7$aRomerska riket$2yso/swe$0http://www.yso.fi/onto/yso/p105081
=651  \7$aRooman valtakunta$2yso/fin$0http://www.yso.fi/onto/yso/p105081
=773  0\$w(FI-MELINDA)009321616$7nnas$w(FI-Arto)1388932$tHistorisk tidskrift för Finland. -$x0046-7596 . -$dHelsingfors : Historiska föreningen. -$g17 (1932) : 4, s. 190-194$q0004$sHistorisk tidskrift för Finland (Print)
=787  08$iArvosteltu teos:$tGeld und Wirtschaft im Römischen Reich des vierten Jahrhunderts n. Chr.$aGunnar Mickwitz.$dHelsingfors, 1932
=960  \\$aARTO
=995  \\$aKansalliskirjasto$bHist$5ARTO

