=LDR  01124cab a22002894i 4500
=001  a012295079
=003  FI-MELINDA
=005  20191015195649.0
=008  951207s1995\\\\fi\|||||\||||||||||0fin||
=035  \\$a(FI-MELINDA)012295079
=041  0\$afin
=080  \\$a07
=100  1\$aVuortama, Timo$d(1942- )$1http://viaf.org/viaf/50525145
=245  10$aVirikkeitä kuvajournalismille.
=336  \\$ateksti$btxt$2rdacontent
=337  \\$akäytettävissä ilman laitetta$bn$2rdamedia
=380  \\$akirja-arvostelu
=380  \\$iMajor genre$aSecondary literature$leng
=600  14$aVanhanen, Hannu.
=650  \7$akirja-arvostelut$2yso/fin$0http://www.yso.fi/onto/yso/p3537
=650  \7$alitteraturrecensioner$2yso/swe$0http://www.yso.fi/onto/yso/p3537
=650  \7$aReview$2ELB-g
=773  0\$w(FI-MELINDA)000590314$7nnas$w(FI-Arto)1386603$tJournalisti. -$x1236-3596. -$d[Helsinki] : Suomen journalistiliitto. -$g71 (1995) : 12, s. 19$q0012$sJournalisti (Painettu)
=787  08$iArvosteltu teos:$tKuvan journalismi$aHannu Vanhanen.$dForssa, 1994
=850  \\$aFI-PTK$5ARTO
=960  \\$aARTO
=995  \\$aKansalliskirjasto$bTek$5ARTO

