=LDR  01772cab a22003974i 4500
=001  a012295112
=003  FI-MELINDA
=005  20190704132242.0
=008  951207s1995\\\\fi\|||||\||||\|||||0fin|c
=035  \\$a(FI-MELINDA)012295112
=040  \\$aFI-BTJ
=041  0\$afin
=080  \\$a631.58
=084  \\$a67.38$2ykl
=245  00$aBiodynaamisen viljelyn tutkimuksia.
=246  3\$aBiodynaamisen viljelyn tutkimuksia ja kokeita
=336  \\$ateksti$btxt$2rdacontent
=337  \\$akäytettävissä ilman laitetta$bn$2rdamedia
=380  \\$akirja-arvostelu
=380  \\$iMajor genre$aSecondary literature$leng
=600  14$aGranstedt, Artur$d(1943- )$1http://viaf.org/viaf/311797667
=600  14$aPettersson, Bo.
=630  04$aBiodynaamisen viljelyn tutkimuksia ja kokeita.
=650  \7$abiodynaaminen viljely$2yso/fin$0http://www.yso.fi/onto/yso/p14642
=650  \7$abiodynamisk odling$2yso/swe$0http://www.yso.fi/onto/yso/p14642
=650  \7$akirja-arvostelut$2yso/fin$0http://www.yso.fi/onto/yso/p3537
=650  \7$alitteraturrecensioner$2yso/swe$0http://www.yso.fi/onto/yso/p3537
=650  \7$aReview$2ELB-g
=773  0\$w(FI-MELINDA)000064973$7nnas$w(FI-Arto)56748$tDemeter. -$x0355-8789. -$dHelsinki : Biodynaaminen yhdistys. -$g1995 : 2, s. 18-19$q0002$sDemeter
=773  0\$w(FI-MELINDA)000064973$7nnas$w(FI-Arto)56748$tDemeter. -$x0355-8789. -$g1995 : 2, s.18-19$sDemeter
=787  08$iArvosteltu teos:$tBiodynaamisen viljelyn tutkimuksia ja kokeita /$aArtur Granstedt.
=787  08$iArvosteltu teos:$tBiodynaamisen viljelyn tutkimuksia ja kokeita$aArtur Granstedt.$dHki, 1995
=884  \\$aAleksi(FINMARC)-Arto(MARC 21)-konversio$g20180221$qFI-ARTO$5ARTO
=960  \\$aARTO
=960  \\$aAleksi$5ARTO
=995  \\$aKansalliskirjasto$bAleksi$5ARTO$bReli

