=LDR  01300cab a22003014i 4500
=001  a012295179
=003  FI-MELINDA
=005  20210114222554.0
=008  951207s1995\\\\fi\|||||\||||||||||0fin||
=035  \\$a(FI-MELINDA)012295179
=041  0\$afin
=080  \\$a582.32
=100  1\$aLampolahti, Janne.
=245  10$aKirja-arvostelu.
=336  \\$ateksti$btxt$2rdacontent
=337  \\$akäytettävissä ilman laitetta$bn$2rdamedia
=600  14$aKarttunen, K..$tSuomen vesisammalkasvio.
=600  14$aKoponen, Timo.$tSuomen vesisammalkasvio.
=600  14$aPiippo, Sinikka.$tSuomen vesisammalkasvio.
=650  \7$abotanik$2yso/swe$0http://www.yso.fi/onto/yso/p4655
=650  \7$akasvitiede$2yso/fin$0http://www.yso.fi/onto/yso/p4655
=650  \7$akirja-arvostelut$2yso/fin$0http://www.yso.fi/onto/yso/p3537
=650  \7$alitteraturrecensioner$2yso/swe$0http://www.yso.fi/onto/yso/p3537
=650  \7$aReview$2ELB-g
=773  0\$7nnas$w(FI-MELINDA)000082824$w(FI-Arto)1386794$tLutukka. -$x0782-050X. -$dHelsinki : Helsingin yliopisto, Luonnontieteellinen keskusmuseo, Kasvimuseo. -$g11 (1995) : 3, s. 95$q0003$sLutukka (Painettu)
=787  08$iArvosteltu teos:$tSuomen vesisammalkasvio$aKoponen, T., Karttunen, K. & Piippo, S..$dHelsinki, 1995
=960  \\$aARTO
=995  \\$aKansalliskirjasto$bBiot$5ARTO

