=LDR  01896cab a22003974i 4500
=001  a012295228
=003  FI-MELINDA
=005  20191015200019.0
=008  951208s1995\\\\fi\|||||\||||||||||0fin||
=035  \\$a(FI-MELINDA)012295228
=041  0\$afin
=080  \\$a026
=080  \\$a639.1
=100  1\$aPeltonen, Jukka$1http://viaf.org/viaf/387149106000468490082
=245  10$aSuomen Metsästyskirjaston aarteita :$bVanhin suomalainen metsästyskirja.
=336  \\$ateksti$btxt$2rdacontent
=337  \\$akäytettävissä ilman laitetta$bn$2rdamedia
=600  14$aWijkar, Jacob$1http://viaf.org/viaf/309589050
=610  24$aSuomen metsästyskirjasto.
=650  \7$abibliotek$2yso/swe$0http://www.yso.fi/onto/yso/p2787
=650  \7$aeräkirjallisuus$2yso/fin$0http://www.yso.fi/onto/yso/p10766
=650  \7$ahylkeet$2yso/fin$0http://www.yso.fi/onto/yso/p9962
=650  \7$ajakt$2yso/swe$0http://www.yso.fi/onto/yso/p3547
=650  \7$akirja-arvostelut$2yso/fin$0http://www.yso.fi/onto/yso/p3537
=650  \7$akirjallisuudenhistoria$2yso/fin$0http://www.yso.fi/onto/yso/p17103
=650  \7$akirjastot$2yso/fin$0http://www.yso.fi/onto/yso/p2787
=650  \7$alitteraturhistoria$2yso/swe$0http://www.yso.fi/onto/yso/p17103
=650  \7$alitteraturrecensioner$2yso/swe$0http://www.yso.fi/onto/yso/p3537
=650  \7$ametsästys$2yso/fin$0http://www.yso.fi/onto/yso/p3547
=650  \7$asälar$2yso/swe$0http://www.yso.fi/onto/yso/p9962
=650  \7$avildmarkslitteratur$2yso/swe$0http://www.yso.fi/onto/yso/p10766
=650  \7$aReview$2ELB-g
=773  0\$w(FI-MELINDA)001600292$7nnas$w(FI-Arto)1388634$tJahti. -$x1238-3090. -$dRiihimäki : Suomen Metsästäjäliitto - Finlands Jägarförbund. -$g31 (1995) : 4, s. 14-15$q0004$sJahti (Riihimäki)
=787  08$iArvosteltu teos:$tTractatum de Phocis in sinu Bothnico capi solitis
=960  \\$aARTO
=995  \\$aKansalliskirjasto$bRKTL$5ARTO

