=LDR  01522cab a22003494i 4500
=001  a012295252
=003  FI-MELINDA
=005  20191015200053.0
=008  951208s1995\\\\fi\|||||\||||||||||0fin||
=035  \\$a(FI-MELINDA)012295252
=041  0\$afin$bswe
=080  \\$a02
=100  1\$aPaavonheimo, Jari$1http://viaf.org/viaf/4387917
=245  10$aNieminen Suomesta, polttelee sikaria ja välittää ihmisen tuntoja vuosituhansien takaa.
=336  \\$ateksti$btxt$2rdacontent
=337  \\$akäytettävissä ilman laitetta$bn$2rdamedia
=520  \\$aReferat: Nieminen från Finland röker cigarr och förmedlar till oss de känslor an människa hade, som levde för flera årtusenden sedan.
=600  14$aNieminen, Pertti$d(1929- )$1http://viaf.org/viaf/20981649
=650  \7$akaunokirjallisuus$2kitu
=650  \7$akirjailijat$2kitu
=650  \7$akääntäjät$2kitu
=650  \7$akääntäminen$xlyriikka$xkiinan kieli$2kitu
=650  \7$alyriikka$2yso/fin$0http://www.yso.fi/onto/yso/p1365
=650  \7$alyrik$2yso/swe$0http://www.yso.fi/onto/yso/p1365
=650  \7$arunoilijat$2kitu
=650  \7$aPoetry$2ELB-g
=651  \7$aKiina$2yso/fin$0http://www.yso.fi/onto/yso/p104984
=651  \7$aKina$2yso/swe$0http://www.yso.fi/onto/yso/p104984
=773  0\$w(FI-MELINDA)009326693$7nnas$w(FI-Arto)1388946$tKirjastolehti. -$x0023-1843. -$dHelsinki : Suomen kirjastoseura. -$g88 (1995) : 11, s. 314-316$sKirjastolehti (Painettu)
=850  \\$aFI-Y$5ARTO
=960  \\$aARTO
=995  \\$aKansalliskirjasto$bKinf$bKitu$5ARTO

