=LDR  01418cab a22003254i 4500
=001  a012295257
=003  FI-MELINDA
=005  20191015200101.0
=008  951208s1929\\\\fi\|||||\||||||||||0fin||
=035  \\$a(FI-MELINDA)012295257
=041  0\$afin
=080  \\$a24
=084  \\$aHIS:5.3.6$2z
=100  1\$aGummerus, Jaakko.
=245  10$aLutherin Vähän katekismuksen 400-vuotismuisto /$cJaakko Gummerus.
=336  \\$ateksti$btxt$2rdacontent
=337  \\$akäytettävissä ilman laitetta$bn$2rdamedia
=650  \7$ahistoria$2yso/fin$0http://www.yso.fi/onto/yso/p1780
=650  \7$ahistoria$2yso/swe$0http://www.yso.fi/onto/yso/p1780
=650  \7$akatekeser$2yso/swe$0http://www.yso.fi/onto/yso/p14655
=650  \7$akatekismukset$2yso/fin$0http://www.yso.fi/onto/yso/p14655
=650  \7$areligiös litteratur$2yso/swe$0http://www.yso.fi/onto/yso/p7289
=650  \7$auskonnollinen kirjallisuus$2yso/fin$0http://www.yso.fi/onto/yso/p7289
=650  \7$aReligious literature$2ELB-g
=651  \7$aSaksa$2yso/fin$0http://www.yso.fi/onto/yso/p105087
=651  \7$aTyskland$2yso/swe$0http://www.yso.fi/onto/yso/p105087
=653  \0$aLutherin Vähä katekismus
=773  0\$w(FI-MELINDA)000067777$7nnas$w(FI-Arto)1386612$tTeologinen aikakauskirja. -$x0040-3555 . -$dHelsinki : Teologinen julkaisuseura. -$g34 (1929) : 1, s. 1-22$q0001$sTeologinen aikakauskirja
=960  \\$aARTO
=995  \\$aKansalliskirjasto$bHist$5ARTO

