=LDR  01465cab a22003734i 4500
=001  a012295276
=003  FI-MELINDA
=005  20191015200123.0
=008  951208s1995\\\\fi\|||||\||||||||||0fin||
=035  \\$a(FI-MELINDA)012295276
=041  0\$afin
=080  \\$a37
=100  1\$aAaltonen, Meri.
=245  10$aOppikirjateksti toimintana.
=336  \\$ateksti$btxt$2rdacontent
=337  \\$akäytettävissä ilman laitetta$bn$2rdamedia
=380  \\$akirja-arvostelu
=380  \\$iMajor genre$aSecondary literature$leng
=490  0\$aKirjapino
=600  14$aKarvonen, Pirjo.$tOppikirjateksti toimintana.
=650  \7$aarvostelut$2kta
=650  \7$akirja-arvostelut$2yso/fin$0http://www.yso.fi/onto/yso/p3537
=650  \7$alitteraturrecensioner$2yso/swe$0http://www.yso.fi/onto/yso/p3537
=650  \7$aläroböcker$2yso/swe$0http://www.yso.fi/onto/yso/p159
=650  \7$aopetus$2yso/fin$0http://www.yso.fi/onto/yso/p2630
=650  \7$aoppikirjat$2yso/fin$0http://www.yso.fi/onto/yso/p159
=650  \7$areviews$2kta
=650  \7$aundervisning$2yso/swe$0http://www.yso.fi/onto/yso/p2630
=650  \7$aReview$2ELB-g
=773  0\$w(FI-MELINDA)000749110$7nnas$w(FI-Arto)1387502$tOte : opetus & teknologia. -$x1236-7664. -$dHelsinki : Opetushallitus. -$g3 (1995) : 6, s. 16-17$q0006$sOte
=787  08$iArvosteltu teos:$tOppikirjateksti toimintana$aPirjo Karvonen, 1995
=850  \\$aFI-PTK$5ARTO
=960  \\$aARTO
=995  \\$aKansalliskirjasto$bTek$bUrbis$5ARTO

