=LDR  01900cab a22003974i 4500
=001  a012295448
=003  FI-MELINDA
=005  20190704132329.0
=008  951211s1897\\\\fi\|||||\||||||||||0fin||
=035  \\$a(FI-MELINDA)012295448
=041  0\$afin
=080  \\$a929 Melanchton
=084  \\$aHIS:3$2z
=245  00$aKirja-arvostelu /$cJ. R. F.
=336  \\$ateksti$btxt$2rdacontent
=337  \\$akäytettävissä ilman laitetta$bn$2rdamedia
=380  \\$akirja-arvostelu
=380  \\$iMajor genre$aSecondary literature$leng
=600  14$aGummerus, Jaakko.$tFiilip Melankton, hänen elämänsä ja vaikutuksensa.
=600  14$aReijonen, Juho.$tFiilip Melanchthonin elämä.
=650  \7$ahenkilöhistoria$2yso/fin$0http://www.yso.fi/onto/yso/p2718
=650  \7$akirja-arvostelut$2yso/fin$0http://www.yso.fi/onto/yso/p3537
=650  \7$alitteraturrecensioner$2yso/swe$0http://www.yso.fi/onto/yso/p3537
=650  \7$apersonhistoria$2yso/swe$0http://www.yso.fi/onto/yso/p2718
=650  \7$areformaatio$2yso/fin$0http://www.yso.fi/onto/yso/p13129
=650  \7$areformationen$2yso/swe$0http://www.yso.fi/onto/yso/p13129
=650  \7$ateologer$2yso/swe$0http://www.yso.fi/onto/yso/p14144
=650  \7$ateologit$2yso/fin$0http://www.yso.fi/onto/yso/p14144
=650  \7$aReview$2ELB-g
=651  \7$aSaksa$2yso/fin$0http://www.yso.fi/onto/yso/p105087
=651  \7$aTyskland$2yso/swe$0http://www.yso.fi/onto/yso/p105087
=773  0\$w(FI-MELINDA)000067777$7nnas$w(FI-Arto)1386612$tTeologinen aikakauskirja. -$x0040-3555 . -$dHelsinki : Teologinen julkaisuseura. -$g2 (1897) : 9, s. 577-581$q0009$sTeologinen aikakauskirja
=787  08$iArvosteltu teos:$tFiilip Melanchtonin elämä$aJuho Reijonen.$dPorvoo, 1897
=787  08$iArvosteltu teos:$tFiilip Melankton, hänen elämänsä ja vaikutuksensa$aJaakko Gummmerus.$dJyväskylä, 1897
=960  \\$aARTO
=995  \\$aKansalliskirjasto$bHist$5ARTO

