=LDR  01806cab a22003854i 4500
=001  a012295475
=003  FI-MELINDA
=005  20210114222558.0
=008  951211s1899\\\\fi\|||||\||||||||||0fin||
=035  \\$a(FI-MELINDA)012295475
=041  0\$afin
=080  \\$a27
=084  \\$aHIS:5.2$2z
=100  1\$aGummerus, Jaakko.
=245  10$aKirja-arvostelu /$cJaakko Gummerus.
=336  \\$ateksti$btxt$2rdacontent
=337  \\$akäytettävissä ilman laitetta$bn$2rdamedia
=380  \\$akirja-arvostelu
=380  \\$iMajor genre$aSecondary literature$leng
=600  14$aSandelin, L. H.$tPiirteitä katolisuuden synnystä ...
=650  \7$akatolicism$2yso/swe$0http://www.yso.fi/onto/yso/p4670
=650  \7$akatolisuus$2yso/fin$0http://www.yso.fi/onto/yso/p4670
=650  \7$akeskiaika$2yso/fin$0http://www.yso.fi/onto/yso/p2559
=650  \7$akirja-arvostelut$2yso/fin$0http://www.yso.fi/onto/yso/p3537
=650  \7$akirkon hallinto$2yso/fin$0http://www.yso.fi/onto/yso/p11876
=650  \7$akyrkans förvaltning$2yso/swe$0http://www.yso.fi/onto/yso/p11876
=650  \7$alitteraturrecensioner$2yso/swe$0http://www.yso.fi/onto/yso/p3537
=650  \7$amedeltiden$2yso/swe$0http://www.yso.fi/onto/yso/p2559
=650  \7$aromersk-katolska kyrkan$2yso/swe$0http://www.yso.fi/onto/yso/p15408
=650  \7$aroomalaiskatolinen kirkko$2yso/fin$0http://www.yso.fi/onto/yso/p15408
=650  \7$aReview$2ELB-g
=773  0\$7nnas$w(FI-MELINDA)000067777$w(FI-Arto)1386612$tTeologinen aikakauskirja. -$x0040-3555. -$dHelsinki : Teologinen julkaisuseura. -$g4 (1899) : 2, s. 120-124$q0002$sTeologinen aikakauskirja
=787  08$iArvosteltu teos:$tPiirteitä katolisuuden synnystä ja kehityksestä uskonpuhdistukseen saakka$aL. H. Sandelin.$dPori, 1898
=960  \\$aARTO
=995  \\$aKansalliskirjasto$bHist$5ARTO

