=LDR  01566cab a22003614i 4500
=001  a012295483
=003  FI-MELINDA
=005  20210114222600.0
=008  951211s1903\\\\fi\|||||\||||||||||0fin||
=035  \\$a(FI-MELINDA)012295483
=041  0\$afin
=080  \\$a933
=084  \\$aHIS:4$2z
=100  1\$aIngman, Lauri.
=245  10$aKirja-arvostelu /$cLauri Ingman.
=336  \\$ateksti$btxt$2rdacontent
=337  \\$akäytettävissä ilman laitetta$bn$2rdamedia
=380  \\$akirja-arvostelu
=380  \\$iMajor genre$aSecondary literature$leng
=600  14$aMaunu, J. A.$tKuvauksia Jeesuksen ajan historiasta.
=650  \7$ahistoria$2yso/fin$0http://www.yso.fi/onto/yso/p1780
=650  \7$ahistoria$2yso/swe$0http://www.yso.fi/onto/yso/p1780
=650  \7$ajudendom$2yso/swe$0http://www.yso.fi/onto/yso/p727
=650  \7$ajuutalaisuus$2yso/fin$0http://www.yso.fi/onto/yso/p727
=650  \7$akirja-arvostelut$2yso/fin$0http://www.yso.fi/onto/yso/p3537
=650  \7$alitteraturrecensioner$2yso/swe$0http://www.yso.fi/onto/yso/p3537
=650  \7$aReview$2ELB-g
=651  \7$aPalestiina$2yso/fin$0http://www.yso.fi/onto/yso/p105500
=651  \7$aPalestina$2yso/swe$0http://www.yso.fi/onto/yso/p105500
=773  0\$7nnas$w(FI-MELINDA)000067777$w(FI-Arto)1386612$tTeologinen aikakauskirja. -$x0040-3555. -$dHelsinki : Teologinen julkaisuseura. -$g8 (1903) : 3, s. 204-207$q0003$sTeologinen aikakauskirja
=787  08$iArvosteltu teos:$tKuvauksia Jeesuksen ajan historiasta$aJ. A. Maunu.$dPorvoo, 1902
=960  \\$aARTO
=995  \\$aKansalliskirjasto$bHist$5ARTO

