=LDR  01476cab a22003494i 4500
=001  a012295491
=003  FI-MELINDA
=005  20191015200545.0
=008  951211s1904\\\\fi\|||||\||||||||||0fin||
=035  \\$a(FI-MELINDA)012295491
=041  0\$afin
=080  \\$a929 Augustinus
=080  \\$a931/939
=084  \\$aHIS:3$2z
=100  1\$aGummerus, Jaakko.
=245  10$aKirja-arvostelu /$cJaakko Gummerus.
=336  \\$ateksti$btxt$2rdacontent
=337  \\$akäytettävissä ilman laitetta$bn$2rdamedia
=380  \\$akirja-arvostelu
=380  \\$iMajor genre$aSecondary literature$leng
=600  14$aJohansson, Erik.$tAugustinus ja hänen aikansa.
=650  \7$ahenkilöhistoria$2yso/fin$0http://www.yso.fi/onto/yso/p2718
=650  \7$akirja-arvostelut$2yso/fin$0http://www.yso.fi/onto/yso/p3537
=650  \7$akirkkoisät$2yso/fin$0http://www.yso.fi/onto/yso/p11630
=650  \7$akyrkofäder$2yso/swe$0http://www.yso.fi/onto/yso/p11630
=650  \7$alitteraturrecensioner$2yso/swe$0http://www.yso.fi/onto/yso/p3537
=650  \7$apersonhistoria$2yso/swe$0http://www.yso.fi/onto/yso/p2718
=650  \7$aReview$2ELB-g
=773  0\$w(FI-MELINDA)000067777$7nnas$w(FI-Arto)1386612$tTeologinen aikakauskirja. -$x0040-3555 . -$dHelsinki : Teologinen julkaisuseura. -$g9 (1904) : 1, s. 67-69$q0001$sTeologinen aikakauskirja
=787  08$iArvosteltu teos:$tAugustinus ja hänen aikansa$aErik Johansson.$dHelsinki, 1903
=960  \\$aARTO
=995  \\$aKansalliskirjasto$bHist$5ARTO

