=LDR  01638cab a22003614i 4500
=001  a012295500
=003  FI-MELINDA
=005  20201105220441.0
=008  951211s1932\\\\fi\|||||\||||||||||0fin||
=035  \\$a(FI-MELINDA)012295500
=041  0\$afin
=080  \\$a29
=084  \\$aHIS:3$2z
=100  1\$aTiililä, Osmo$d(1904-1972)$1http://viaf.org/viaf/264237415
=245  10$aKirja-arvostelu /$cOsmo Tiililä.
=336  \\$ateksti$btxt$2rdacontent
=337  \\$akäytettävissä ilman laitetta$bn$2rdamedia
=380  \\$akirja-arvostelu
=380  \\$iMajor genre$aSecondary literature$leng
=600  14$aAho, Antti J..$tGautama Buddha ihmisenä ja opettajana.
=650  \7$abuddhalaisuus$2yso/fin$0http://www.yso.fi/onto/yso/p8624
=650  \7$abuddhism$2yso/swe$0http://www.yso.fi/onto/yso/p8624
=650  \7$ahistoria$2yso/fin$0http://www.yso.fi/onto/yso/p1780
=650  \7$ahistoria$2yso/swe$0http://www.yso.fi/onto/yso/p1780
=650  \7$akirja-arvostelut$2yso/fin$0http://www.yso.fi/onto/yso/p3537
=650  \7$alitteraturrecensioner$2yso/swe$0http://www.yso.fi/onto/yso/p3537
=650  \7$areligion och religioner$2yso/swe$0http://www.yso.fi/onto/yso/p2921
=650  \7$auskonto ja uskonnot$2yso/fin$0http://www.yso.fi/onto/yso/p2921
=650  \7$aReview$2ELB-g
=773  0\$7nnas$w(FI-MELINDA)000067777$w(FI-Arto)1386612$tTeologinen aikakauskirja. -$x0040-3555. -$dHelsinki : Teologinen julkaisuseura. -$g37 (1932) : 3, 187-190$q0003$sTeologinen aikakauskirja
=787  08$iArvosteltu teos:$tGautama Buddha ihmisenä ja opettajana$aAntti J. Aho.$dPorvoo, 1931
=960  \\$aARTO
=995  \\$aKansalliskirjasto$bHist$5ARTO

