=LDR  01595cab a22003734i 4500
=001  a012295503
=003  FI-MELINDA
=005  20191015200604.0
=008  951211s1932\\\\fi\|||||\||||||||||0fin||
=035  \\$a(FI-MELINDA)012295503
=041  0\$afin
=080  \\$a902/904
=080  \\$a931/939
=084  \\$aHIS:4$2z
=100  1\$aPuukko, A. F.
=245  10$aKirja-arvostelu /$cA. F. Puukko.
=336  \\$ateksti$btxt$2rdacontent
=337  \\$akäytettävissä ilman laitetta$bn$2rdamedia
=380  \\$akirja-arvostelu
=380  \\$iMajor genre$aSecondary literature$leng
=600  14$aSaarisalo, Aapeli.$tParatiisin maan kaivauksia.
=650  \7$ahistoria$2yso/fin$0http://www.yso.fi/onto/yso/p1780
=650  \7$ahistoria$2yso/swe$0http://www.yso.fi/onto/yso/p1780
=650  \7$akaivaukset$2yso/fin$0http://www.yso.fi/onto/yso/p14173
=650  \7$akirja-arvostelut$2yso/fin$0http://www.yso.fi/onto/yso/p3537
=650  \7$alitteraturrecensioner$2yso/swe$0http://www.yso.fi/onto/yso/p3537
=650  \7$autgrävningar$2yso/swe$0http://www.yso.fi/onto/yso/p14173
=650  \7$aReview$2ELB-g
=651  \7$aLähi-itä$2yso/fin$0http://www.yso.fi/onto/yso/p105025
=651  \7$aMellanöstern$2yso/swe$0http://www.yso.fi/onto/yso/p105025
=773  0\$w(FI-MELINDA)000067777$7nnas$w(FI-Arto)1386612$tTeologinen aikakauskirja. -$x0040-3555 . -$dHelsinki : Teologinen julkaisuseura. -$g37 (1932) : 1, s. 43-45$q0001$sTeologinen aikakauskirja
=787  08$iArvosteltu teos:$tParatiisin maan kaivauksia$aAapeli Saarisalo.$dPorvoo, 1931
=960  \\$aARTO
=995  \\$aKansalliskirjasto$bHist$5ARTO

