=LDR  01564cab a22003614i 4500
=001  a012295541
=003  FI-MELINDA
=005  20190704132337.0
=008  951211s1995\\\\fi\|||||\||||||||||0fin||
=035  \\$a(FI-MELINDA)012295541
=041  0\$afin
=080  \\$a7.091
=100  1\$aKorhonen, Mauri$d(1927- )$1http://viaf.org/viaf/13883423
=245  10$aJorma Kovanen ARSissa.
=336  \\$ateksti$btxt$2rdacontent
=337  \\$akäytettävissä ilman laitetta$bn$2rdamedia
=648  \7$a1995$2yso/fin
=650  \7$aArs$2yso/fin$0http://www.yso.fi/onto/yso/p9873
=650  \7$aArs$2yso/swe$0http://www.yso.fi/onto/yso/p9873
=650  \7$aarvostelut$2yso/fin$0http://www.yso.fi/onto/yso/p6612
=650  \7$aesseet$2yso/fin$0http://www.yso.fi/onto/yso/p19188
=650  \7$aessäer$2yso/swe$0http://www.yso.fi/onto/yso/p19188
=650  \7$akonstutställningar$2yso/swe$0http://www.yso.fi/onto/yso/p6889
=650  \7$anutidskonst$2yso/swe$0http://www.yso.fi/onto/yso/p9593
=650  \7$anykytaide$2yso/fin$0http://www.yso.fi/onto/yso/p9593
=650  \7$arecensioner$2yso/swe$0http://www.yso.fi/onto/yso/p6612
=650  \7$ataidenäyttelyt$2yso/fin$0http://www.yso.fi/onto/yso/p6889
=650  \7$aReview$2ELB-g
=650  \7$aEssay$2ELB-g
=653  \0$aNykytaiteen museo
=773  0\$w(FI-MELINDA)003109561$7nnas$w(FI-Arto)33680$tStylus : Kuvaamataidonopettajain liiton jäsenlehti. -$x0359-9361. -$dHelsinki : Kuvaamataidonopettajain liitto, 1983-. -$g1995 : 3, s. 13$q0003$sStylus (1983. Painettu)
=960  \\$aARTO
=995  \\$aKansalliskirjasto$bTaik$5ARTO

