=LDR  01791cab a22004094i 4500
=001  a012295546
=003  FI-MELINDA
=005  20191015200659.0
=008  951211s1933\\\\fi\|||||\||||||||||0fin||
=035  \\$a(FI-MELINDA)012295546
=041  0\$afin
=080  \\$a266
=080  \\$a929 Gossner
=084  \\$aHIS:5.3.6$2z
=100  1\$aSalonen, Ilmari.
=245  10$aKirja-arvostelu /$cIlmari Salonen.
=336  \\$ateksti$btxt$2rdacontent
=337  \\$akäytettävissä ilman laitetta$bn$2rdamedia
=380  \\$akirja-arvostelu
=380  \\$iMajor genre$aSecondary literature$leng
=600  14$aGummerus, Jaakko.$tJohannes Gossner.
=648  \7$a1800-luku$2yso/fin
=650  \7$ahenkilöhistoria$2yso/fin$0http://www.yso.fi/onto/yso/p2718
=650  \7$aherätysliikkeet$2yso/fin$0http://www.yso.fi/onto/yso/p6270
=650  \7$akirja-arvostelut$2yso/fin$0http://www.yso.fi/onto/yso/p3537
=650  \7$alitteraturrecensioner$2yso/swe$0http://www.yso.fi/onto/yso/p3537
=650  \7$apersonhistoria$2yso/swe$0http://www.yso.fi/onto/yso/p2718
=650  \7$areligiösa ledare$2yso/swe$0http://www.yso.fi/onto/yso/p8419
=650  \7$auskonnolliset johtajat$2yso/fin$0http://www.yso.fi/onto/yso/p8419
=650  \7$aväckelserörelser$2yso/swe$0http://www.yso.fi/onto/yso/p6270
=650  \7$aReview$2ELB-g
=651  \7$aSaksa$2yso/fin$0http://www.yso.fi/onto/yso/p105087
=651  \7$aTyskland$2yso/swe$0http://www.yso.fi/onto/yso/p105087
=773  0\$w(FI-MELINDA)000067777$7nnas$w(FI-Arto)1386612$tTeologinen aikakauskirja. -$x0040-3555 . -$dHelsinki : Teologinen julkaisuseura. -$g38 (1933) : 1, s. 59-61$q0001$sTeologinen aikakauskirja
=787  08$iArvosteltu teos:$tJohannes Gossner$aJaakko Gummerus.$dHelsinki, 1931
=960  \\$aARTO
=995  \\$aKansalliskirjasto$bHist$5ARTO

