=LDR  01636cab a22003734i 4500
=001  a012295560
=003  FI-MELINDA
=005  20191015200722.0
=008  951211s1927\\\\fi\|||||\||||||||||0fin||
=035  \\$a(FI-MELINDA)012295560
=041  0\$afin
=080  \\$a902/904
=080  \\$a933
=084  \\$aHIS:4$2z
=100  1\$aHjelt, Arthur.
=245  10$aKirja-arvostelu /$cArthur Hjelt.
=336  \\$ateksti$btxt$2rdacontent
=337  \\$akäytettävissä ilman laitetta$bn$2rdamedia
=380  \\$akirja-arvostelu
=380  \\$iMajor genre$aSecondary literature$leng
=600  14$aSaarisalo, Aapeli.$tThe boundary between Issachar and Naphtali.
=650  \7$aarkeologi$2yso/swe$0http://www.yso.fi/onto/yso/p1265
=650  \7$aarkeologia$2yso/fin$0http://www.yso.fi/onto/yso/p1265
=650  \7$aasutushistoria$2yso/fin$0http://www.yso.fi/onto/yso/p16323
=650  \7$abebyggelsehistoria$2yso/swe$0http://www.yso.fi/onto/yso/p16323
=650  \7$akirja-arvostelut$2yso/fin$0http://www.yso.fi/onto/yso/p3537
=650  \7$alitteraturrecensioner$2yso/swe$0http://www.yso.fi/onto/yso/p3537
=650  \7$aReview$2ELB-g
=651  \7$aPalestiina$2yso/fin$0http://www.yso.fi/onto/yso/p105500
=651  \7$aPalestina$2yso/swe$0http://www.yso.fi/onto/yso/p105500
=773  0\$w(FI-MELINDA)000067777$7nnas$w(FI-Arto)1386612$tTeologinen aikakauskirja. -$x0040-3555 . -$dHelsinki : Teologinen julkaisuseura. -$g32 (1927) : 5, s. 259-261$q0005$sTeologinen aikakauskirja
=787  08$iArvosteltu teos:$tThe boundary between Issachar and Naphtali$aAapeli Saarisalo.$dHelsinki, 1927
=960  \\$aARTO
=995  \\$aKansalliskirjasto$bHist$5ARTO

