=LDR  01945cab a22004214i 4500
=001  a012295565
=003  FI-MELINDA
=005  20191015200729.0
=008  951211s1934\\\\fi\|||||\||||||||||0fin||
=035  \\$a(FI-MELINDA)012295565
=041  0\$afin
=080  \\$a902
=080  \\$a910.4
=084  \\$aHIS:4$2z
=100  1\$aGulin, E. G.
=245  10$aKirja-arvostelu /$cE. G. Gulin.
=336  \\$ateksti$btxt$2rdacontent
=337  \\$akäytettävissä ilman laitetta$bn$2rdamedia
=380  \\$akirja-arvostelu
=380  \\$iMajor genre$aSecondary literature$leng
=600  14$aSaarisalo, Aapeli.$tAsuttu Puolikuu.
=650  \7$afornlämningar$2yso/swe$0http://www.yso.fi/onto/yso/p5340
=650  \7$ahistoria$2yso/fin$0http://www.yso.fi/onto/yso/p1780
=650  \7$ahistoria$2yso/swe$0http://www.yso.fi/onto/yso/p1780
=650  \7$akaivaukset$2yso/fin$0http://www.yso.fi/onto/yso/p14173
=650  \7$akirja-arvostelut$2yso/fin$0http://www.yso.fi/onto/yso/p3537
=650  \7$alitteraturrecensioner$2yso/swe$0http://www.yso.fi/onto/yso/p3537
=650  \7$amatkakertomukset$2yso/fin$0http://www.yso.fi/onto/yso/p5977
=650  \7$amuinaisjäännökset$2yso/fin$0http://www.yso.fi/onto/yso/p5340
=650  \7$areseberättelser$2yso/swe$0http://www.yso.fi/onto/yso/p5977
=650  \7$autgrävningar$2yso/swe$0http://www.yso.fi/onto/yso/p14173
=650  \7$aReview$2ELB-g
=651  \7$aLähi-itä$2yso/fin$0http://www.yso.fi/onto/yso/p105025
=651  \7$aMellanöstern$2yso/swe$0http://www.yso.fi/onto/yso/p105025
=773  0\$w(FI-MELINDA)000067777$7nnas$w(FI-Arto)1386612$tTeologinen aikakauskirja. -$x0040-3555 . -$dHelsinki : Teologinen julkaisuseura. -$g39 (1934) : 6, s. 331-333$q0006$sTeologinen aikakauskirja
=787  08$iArvosteltu teos:$tAsuttu Puolikuu : kaivauksia ja retkeilyjä Palestiinan, Syyrian ja Mesopotamian mailla$aAapeli Saarisalo.$dPorvoo, 1934
=960  \\$aARTO
=995  \\$aKansalliskirjasto$bHist$5ARTO

