=LDR  02131cab a22004574i 4500
=001  a012295580
=003  FI-MELINDA
=005  20201102205107.0
=008  951211s1934\\\\fi\|||||\||||||||||0fin||
=035  \\$a(FI-MELINDA)012295580
=041  0\$afin
=080  \\$a372
=080  \\$a943
=084  \\$aHIS:5.3.5$2z
=100  1\$aVirkkunen, Paavo.
=245  10$aKirja-arvostelu /$cPaavo Virkkunen.
=336  \\$ateksti$btxt$2rdacontent
=337  \\$akäytettävissä ilman laitetta$bn$2rdamedia
=380  \\$akirja-arvostelu
=380  \\$iMajor genre$aSecondary literature$leng
=600  14$aHelle, Väinö.$tTaistelu kristillisestä koulusta.
=648  \7$a1850-1933$2yso/fin
=650  \7$akirja-arvostelut$2yso/fin$0http://www.yso.fi/onto/yso/p3537
=650  \7$akirkko (instituutio)$2yso/fin$0http://www.yso.fi/onto/yso/p8835
=650  \7$akoulut$2yso/fin$0http://www.yso.fi/onto/yso/p386
=650  \7$akyrkan (institution)$2yso/swe$0http://www.yso.fi/onto/yso/p8835
=650  \7$alitteraturrecensioner$2yso/swe$0http://www.yso.fi/onto/yso/p3537
=650  \7$aopetus$2yso/fin$0http://www.yso.fi/onto/yso/p2630
=650  \7$areligion och religioner$2yso/swe$0http://www.yso.fi/onto/yso/p2921
=650  \7$askolor (läroanstalter)$2yso/swe$0http://www.yso.fi/onto/yso/p386
=650  \7$astaten$2yso/swe$0http://www.yso.fi/onto/yso/p2538
=650  \7$aundervisning$2yso/swe$0http://www.yso.fi/onto/yso/p2630
=650  \7$auskonto ja uskonnot$2yso/fin$0http://www.yso.fi/onto/yso/p2921
=650  \7$avaltio (instituutio)$2yso/fin$0http://www.yso.fi/onto/yso/p2538
=650  \7$aReview$2ELB-g
=651  \7$aSaksa$2yso/fin$0http://www.yso.fi/onto/yso/p105087
=651  \7$aTyskland$2yso/swe$0http://www.yso.fi/onto/yso/p105087
=773  0\$w(FI-MELINDA)000067777$7nnas$w(FI-Arto)1386612$tTeologinen aikakauskirja. -$x0040-3555. -$dHelsinki : Teologinen julkaisuseura. -$g39 (1934) : 4, s. 256-265$q0004$sTeologinen aikakauskirja
=787  08$iArvosteltu teos:$tTaistelu kristillisestä koulusta Saksassa : aikana 1850-1933$aVäinö Helle.$dRaahe, 1934
=960  \\$aARTO
=995  \\$aKansalliskirjasto$bHist$5ARTO

