=LDR  01517cab a22003614i 4500
=001  a012295606
=003  FI-MELINDA
=005  20191015200828.0
=008  951211s1939\\\\fi\|||||\||||||||||0fin||
=035  \\$a(FI-MELINDA)012295606
=041  0\$afin
=080  \\$a930.26
=080  \\$a933
=084  \\$aHIS:6$2z
=100  1\$aPeltonen, Aug. F.
=245  10$aKirja-arvostelu /$cAug. F. Peltonen.
=336  \\$ateksti$btxt$2rdacontent
=337  \\$akäytettävissä ilman laitetta$bn$2rdamedia
=380  \\$akirja-arvostelu
=380  \\$iMajor genre$aSecondary literature$leng
=600  14$aSaarisalo, Aapeli.$tPyhän maan muinaisuus.
=630  04$aRaamattu$xhistoria.
=650  \7$aesihistoria$2yso/fin$0http://www.yso.fi/onto/yso/p4622
=650  \7$aförhistoria$2yso/swe$0http://www.yso.fi/onto/yso/p4622
=650  \7$akirja-arvostelut$2yso/fin$0http://www.yso.fi/onto/yso/p3537
=650  \7$alitteraturrecensioner$2yso/swe$0http://www.yso.fi/onto/yso/p3537
=650  \7$aReview$2ELB-g
=651  \7$aIsrael$2yso/fin$0http://www.yso.fi/onto/yso/p105162
=651  \7$aIsrael$2yso/swe$0http://www.yso.fi/onto/yso/p105162
=773  0\$w(FI-MELINDA)000067777$7nnas$w(FI-Arto)1386612$tTeologinen aikakauskirja. -$x0040-3555 . -$dHelsinki : Teologinen julkaisuseura. -$g44 (1939) : 2, s. 174- 176$q0002$sTeologinen aikakauskirja
=787  08$iArvosteltu teos:$tPyhän maan muinaisuus : Raamatun arkeologian pääpiirteet$aAapeli Saarisalo.$dPorvoo, 1938
=960  \\$aARTO
=995  \\$aKansalliskirjasto$bHist$5ARTO

