=LDR  01439cab a22003494i 4500
=001  a012295614
=003  FI-MELINDA
=005  20210114222603.0
=008  951211s1940\\\\fi\|||||\||||||||||0fin||
=035  \\$a(FI-MELINDA)012295614
=041  0\$afin
=080  \\$a27
=080  \\$a933
=084  \\$aHIS:6$2z
=100  1\$aHaapa, Esko.
=245  10$aKirja-arvostelu /$cEsko Haapa.
=336  \\$ateksti$btxt$2rdacontent
=337  \\$akäytettävissä ilman laitetta$bn$2rdamedia
=380  \\$akirja-arvostelu
=380  \\$iMajor genre$aSecondary literature$leng
=600  14$aPuukko, A. F.$tIsraelin uskonnon historia.
=650  \7$akirja-arvostelut$2yso/fin$0http://www.yso.fi/onto/yso/p3537
=650  \7$alitteraturrecensioner$2yso/swe$0http://www.yso.fi/onto/yso/p3537
=650  \7$areligionshistoria$2yso/swe$0http://www.yso.fi/onto/yso/p14646
=650  \7$auskontohistoria$2yso/fin$0http://www.yso.fi/onto/yso/p14646
=650  \7$aReview$2ELB-g
=651  \7$aIsrael$2yso/fin$0http://www.yso.fi/onto/yso/p105162
=651  \7$aIsrael$2yso/swe$0http://www.yso.fi/onto/yso/p105162
=773  0\$7nnas$w(FI-MELINDA)000067777$w(FI-Arto)1386612$tTeologinen aikakauskirja. -$x0040-3555. -$dHelsinki : Teologinen julkaisuseura. -$g45 (1940) : 4, s. 370-373$q0004$sTeologinen aikakauskirja
=787  08$iArvosteltu teos:$tIsraelin uskonnon historia$aA. F. Puukko.$dHelsinki, 1940
=960  \\$aARTO
=995  \\$aKansalliskirjasto$bHist$5ARTO

