=LDR  01667cab a22003734i 4500
=001  a012295637
=003  FI-MELINDA
=005  20191015200908.0
=008  951211s1943\\\\fi\|||||\||||||||||0fin||
=035  \\$a(FI-MELINDA)012295637
=041  0\$afin
=080  \\$a297
=084  \\$aHIS:6$2z
=100  1\$aTiililä, Osmo$d(1904-1972)$1http://viaf.org/viaf/264237415
=245  10$aKirja-arvostelu /$cOsmo Tiililä.
=336  \\$ateksti$btxt$2rdacontent
=337  \\$akäytettävissä ilman laitetta$bn$2rdamedia
=380  \\$akirja-arvostelu
=380  \\$iMajor genre$aSecondary literature$leng
=600  14$aHolma, Harri.$tArabian suuri profeetta.
=650  \7$ahistoria$2yso/fin$0http://www.yso.fi/onto/yso/p1780
=650  \7$ahistoria$2yso/swe$0http://www.yso.fi/onto/yso/p1780
=650  \7$aislam$2yso/fin$0http://www.yso.fi/onto/yso/p2082
=650  \7$aislam$2yso/swe$0http://www.yso.fi/onto/yso/p2082
=650  \7$akirja-arvostelut$2yso/fin$0http://www.yso.fi/onto/yso/p3537
=650  \7$alitteraturrecensioner$2yso/swe$0http://www.yso.fi/onto/yso/p3537
=650  \7$aprofeetat$2yso/fin$0http://www.yso.fi/onto/yso/p19564
=650  \7$aprofeter$2yso/swe$0http://www.yso.fi/onto/yso/p19564
=650  \7$aReview$2ELB-g
=653  \0$aMuhammed
=773  0\$w(FI-MELINDA)000067777$7nnas$w(FI-Arto)1386612$tTeologinen aikakauskirja. -$x0040-3555 . -$dHelsinki : Teologinen julkaisuseura. -$g48 (1943) : 6, s. 366-367$q0006$sTeologinen aikakauskirja
=787  08$iArvosteltu teos:$tArabian suuri profeetta : piirteitä Muhammedin elämästä ja islamin alkutaipaleelta$aHarri Holma.$dHelsinki, 1943
=960  \\$aARTO
=995  \\$aKansalliskirjasto$bHist$5ARTO

