=LDR  01999cab a22004094i 4500
=001  a012295640
=003  FI-MELINDA
=005  20191015200912.0
=008  951211s1946\\\\fi\|||||\||||||||||0fin||
=035  \\$a(FI-MELINDA)012295640
=041  0\$afin
=080  \\$a931/939
=084  \\$aHIS:4$2z
=100  1\$aPuukko, A. F.
=245  10$aKirja-arvostelu /$cA. F. Puukko.
=336  \\$ateksti$btxt$2rdacontent
=337  \\$akäytettävissä ilman laitetta$bn$2rdamedia
=380  \\$akirja-arvostelu
=380  \\$iMajor genre$aSecondary literature$leng
=600  14$aSalonen, Armas$d(1915-1981)$tKaksoisvirranmaa.$1http://viaf.org/viaf/20587504
=650  \7$akaivaukset$2yso/fin$0http://www.yso.fi/onto/yso/p14173
=650  \7$akirja-arvostelut$2yso/fin$0http://www.yso.fi/onto/yso/p3537
=650  \7$akulttuurihistoria$2yso/fin$0http://www.yso.fi/onto/yso/p18452
=650  \7$akulturhistoria$2yso/swe$0http://www.yso.fi/onto/yso/p18452
=650  \7$alitteraturrecensioner$2yso/swe$0http://www.yso.fi/onto/yso/p3537
=650  \7$autgrävningar$2yso/swe$0http://www.yso.fi/onto/yso/p14173
=650  \7$aReview$2ELB-g
=651  \7$aAssyria$2yso/fin$0http://www.yso.fi/onto/yso/p107979
=651  \7$aAssyrien$2yso/swe$0http://www.yso.fi/onto/yso/p107979
=651  \7$aBabylonia$2yso/fin$0http://www.yso.fi/onto/yso/p107980
=651  \7$aBabylonien$2yso/swe$0http://www.yso.fi/onto/yso/p107980
=651  \7$aMesopotamia$2yso/fin$0http://www.yso.fi/onto/yso/p107978
=651  \7$aMesopotamien$2yso/swe$0http://www.yso.fi/onto/yso/p107978
=773  0\$w(FI-MELINDA)000067777$7nnas$w(FI-Arto)1386612$tTeologinen aikakauskirja. -$x0040-3555 . -$dHelsinki : Teologinen julkaisuseura. -$g51 (1946) : 4, s. 160-162$q0004$sTeologinen aikakauskirja
=787  08$iArvosteltu teos:$tKaksoisvirranmaa eli kuvauksia ja kuvia Babylonian ja Assyrian kulttuurista nuolenpäätekstien ja kaivaustulosten perusteella$aArmas Salonen.$dPorvoo, 1945
=960  \\$aARTO
=995  \\$aKansalliskirjasto$bHist$5ARTO

