=LDR  01663cab a22003734i 4500
=001  a012295644
=003  FI-MELINDA
=005  20191015200917.0
=008  951211s1946\\\\fi\|||||\||||||||||0fin||
=035  \\$a(FI-MELINDA)012295644
=041  0\$afin
=080  \\$a929 Luther
=084  \\$aHIS:3$2z
=100  1\$aCastrén, Olavi.
=245  10$aKirja-arvostelu /$cOlavi Castrén.
=336  \\$ateksti$btxt$2rdacontent
=337  \\$akäytettävissä ilman laitetta$bn$2rdamedia
=380  \\$akirja-arvostelu
=380  \\$iMajor genre$aSecondary literature$leng
=600  14$aOlavi Kares$tLuther : henkilökuva ja kehitysaika.$1http://viaf.org/viaf/45567218
=648  \7$a1500-luku$2yso/fin
=650  \7$ahenkilöhistoria$2yso/fin$0http://www.yso.fi/onto/yso/p2718
=650  \7$akirja-arvostelut$2yso/fin$0http://www.yso.fi/onto/yso/p3537
=650  \7$akirkkohistoria$2yso/fin$0http://www.yso.fi/onto/yso/p19610
=650  \7$akyrkohistoria$2yso/swe$0http://www.yso.fi/onto/yso/p19610
=650  \7$alitteraturrecensioner$2yso/swe$0http://www.yso.fi/onto/yso/p3537
=650  \7$apersonhistoria$2yso/swe$0http://www.yso.fi/onto/yso/p2718
=650  \7$aReview$2ELB-g
=651  \7$aSaksa$2yso/fin$0http://www.yso.fi/onto/yso/p105087
=651  \7$aTyskland$2yso/swe$0http://www.yso.fi/onto/yso/p105087
=773  0\$w(FI-MELINDA)000067777$7nnas$w(FI-Arto)1386612$tTeologinen aikakauskirja. -$x0040-3555 . -$dHelsinki : Teologinen julkaisuseura. -$g51 (1946) : 6, s. 266-268$q0006$sTeologinen aikakauskirja
=787  08$iArvosteltu teos:$tLuther : henkilökuva ja kehitysaika$aOlavi Kares.$dPorvoo, 1944
=960  \\$aARTO
=995  \\$aKansalliskirjasto$bHist$5ARTO

