=LDR  01655cab a22003734i 4500
=001  a012295645
=003  FI-MELINDA
=005  20191015200918.0
=008  951211s1951\\\\fi\|||||\||||||||||0fin||
=035  \\$a(FI-MELINDA)012295645
=041  0\$afin
=080  \\$a297
=080  \\$a950
=084  \\$aHIS:6$2z
=100  1\$aSaarisalo, Aapeli.
=245  10$aKirja-arvostelu /$cAapeli Saarisalo.
=336  \\$ateksti$btxt$2rdacontent
=337  \\$akäytettävissä ilman laitetta$bn$2rdamedia
=380  \\$akirja-arvostelu
=380  \\$iMajor genre$aSecondary literature$leng
=600  14$aSalonen, Armas$d(1915-1981)$tAllahin kansat.$1http://viaf.org/viaf/20587504
=650  \7$ahistoria$2yso/fin$0http://www.yso.fi/onto/yso/p1780
=650  \7$ahistoria$2yso/swe$0http://www.yso.fi/onto/yso/p1780
=650  \7$aislam$2yso/fin$0http://www.yso.fi/onto/yso/p2082
=650  \7$aislam$2yso/swe$0http://www.yso.fi/onto/yso/p2082
=650  \7$aislamilainen kulttuuri$2yso/fin$0http://www.yso.fi/onto/yso/p14178
=650  \7$aislamisk kultur$2yso/swe$0http://www.yso.fi/onto/yso/p14178
=650  \7$akirja-arvostelut$2yso/fin$0http://www.yso.fi/onto/yso/p3537
=650  \7$alitteraturrecensioner$2yso/swe$0http://www.yso.fi/onto/yso/p3537
=650  \7$aReview$2ELB-g
=773  0\$w(FI-MELINDA)000067777$7nnas$w(FI-Arto)1386612$tTeologinen aikakauskirja. -$x0040-3555 . -$dHelsinki : Teologinen julkaisuseura. -$g56 (1951) : 4, s. 164-169$q0004$sTeologinen aikakauskirja
=787  08$iArvosteltu teos:$tAllahin kansat : islamilaisten kansojen historia vuoteen 1950$aArmas Salonen.$dPorvoo, 1950
=960  \\$aARTO
=995  \\$aKansalliskirjasto$bHist$5ARTO

