=LDR  01154cab a22002774i 4500
=001  a012295659
=003  FI-MELINDA
=005  20210114222605.0
=008  951212s1995\\\\fi\|||||\||||||||||0fin||
=035  \\$a(FI-MELINDA)012295659
=041  0\$afin
=100  1\$aValovirta, Ilmari$1http://viaf.org/viaf/278463004
=245  10$aKuorinilviäisten koko kuva.
=336  \\$ateksti$btxt$2rdacontent
=337  \\$akäytettävissä ilman laitetta$bn$2rdamedia
=380  \\$akirja-arvostelu
=380  \\$iMajor genre$aSecondary literature$leng
=600  14$aVermeij, Geerat J..$tA natural history of shells.
=650  \7$akirja-arvostelut$2yso/fin$0http://www.yso.fi/onto/yso/p3537
=650  \7$alitteraturrecensioner$2yso/swe$0http://www.yso.fi/onto/yso/p3537
=650  \7$aReview$2ELB-g
=773  0\$7nnas$w(FI-MELINDA)000067746$w(FI-Arto)1388979$tLuonnon tutkija. -$x0024-7383. -$dHelsinki : Suomen biologian seura Vanamo. -$g99 (1995) : 2, s. 69-70$q0002$sLuonnon tutkija
=787  08$iArvosteltu teos:$tA natural history of shells$aGeerat J. Vermeij.$dPrinceton, 1993
=850  \\$aFI-Hul$5ARTO
=960  \\$aARTO
=995  \\$aKansalliskirjasto$bBiot$bViik$5ARTO

