=LDR  01347cab a22003134i 4500
=001  a012295662
=003  FI-MELINDA
=005  20191015200942.0
=008  951212s1995\\\\fi\|||||\||||||||||0fin||
=035  \\$a(FI-MELINDA)012295662
=041  0\$afin
=100  1\$aHalme, Eero.
=245  10$aOpaskirja nuorelle perhosharrastajalle.
=336  \\$ateksti$btxt$2rdacontent
=337  \\$akäytettävissä ilman laitetta$bn$2rdamedia
=380  \\$akirja-arvostelu
=380  \\$iMajor genre$aSecondary literature$leng
=600  14$aAarnio, Hannu.$tPerhosia harrastamaan.
=600  14$aOjalainen, Pekka$tPerhosia harrastamaan.$1http://viaf.org/viaf/280536049
=650  \7$afjärilar$2yso/swe$0http://www.yso.fi/onto/yso/p1994
=650  \7$akirja-arvostelut$2yso/fin$0http://www.yso.fi/onto/yso/p3537
=650  \7$alitteraturrecensioner$2yso/swe$0http://www.yso.fi/onto/yso/p3537
=650  \7$aperhoset$2yso/fin$0http://www.yso.fi/onto/yso/p1994
=650  \7$aReview$2ELB-g
=773  0\$w(FI-MELINDA)000067746$7nnas$w(FI-Arto)1388979$tLuonnon tutkija. -$x0024-7383. -$dHelsinki : Suomen biologian seura Vanamo. -$g99 (1995) : 2, s. 70$q0002$sLuonnon tutkija
=787  08$iArvosteltu teos:$tPerhosia harrastamaan$aHannu Aarnio ja Pekka Ojalainen.$dHelsinki, 1993
=850  \\$aFI-Hul$5ARTO
=960  \\$aARTO
=995  \\$aKansalliskirjasto$bBiot$bViik$5ARTO

