=LDR  01218cab a22002894i 4500
=001  a012295668
=003  FI-MELINDA
=005  20191015200951.0
=008  951212s1995\\\\fi\|||||\||||||||||0fin||
=035  \\$a(FI-MELINDA)012295668
=041  0\$afin
=100  1\$aSuominen, Teuvo$d(1937- )$1http://viaf.org/viaf/38619255
=245  10$aNeuvoja valokuvaajille.
=336  \\$ateksti$btxt$2rdacontent
=337  \\$akäytettävissä ilman laitetta$bn$2rdamedia
=380  \\$akirja-arvostelu
=380  \\$iMajor genre$aSecondary literature$leng
=650  \7$afotografering$2yso/swe$0http://www.yso.fi/onto/yso/p1979
=650  \7$akirja-arvostelut$2yso/fin$0http://www.yso.fi/onto/yso/p3537
=650  \7$alitteraturrecensioner$2yso/swe$0http://www.yso.fi/onto/yso/p3537
=650  \7$avalokuvaus$2yso/fin$0http://www.yso.fi/onto/yso/p1979
=650  \7$aReview$2ELB-g
=773  0\$w(FI-MELINDA)000067746$7nnas$w(FI-Arto)1388979$tLuonnon tutkija. -$x0024-7383. -$dHelsinki : Suomen biologian seura Vanamo. -$g99 (1995) : 2, s. 71$q0002$sLuonnon tutkija
=787  08$iArvosteltu teos:$tValokuvaajan niksikirja$aVeikko Rinne.$dPorvoo, 1994
=850  \\$aFI-Hul$5ARTO
=960  \\$aARTO
=995  \\$aKansalliskirjasto$bBiot$bViik$5ARTO

