=LDR  02174cab a22004454i 4500
=001  a012295697
=003  FI-MELINDA
=005  20201105220439.0
=008  951212s1995\\\\fi\|||||\||||\|||||0fin|c
=035  \\$a(FI-MELINDA)012295697
=040  \\$aFI-BTJ
=041  0\$afin
=080  \\$a291
=084  \\$a20$2ykl
=100  1\$aAnttonen, Veikko$d(1948- )$1http://viaf.org/viaf/265285264
=245  10$aUskonto rakentaa yhteisyyttä.
=336  \\$ateksti$btxt$2rdacontent
=337  \\$akäytettävissä ilman laitetta$bn$2rdamedia
=650  \7$agemenskaper$2yso/swe$0http://www.yso.fi/onto/yso/p3835
=650  \7$ahelighet$2yso/swe$0http://www.yso.fi/onto/yso/p2621
=650  \7$akulttuurierot$2yso/fin$0http://www.yso.fi/onto/yso/p2190
=650  \7$akulturskillnader$2yso/swe$0http://www.yso.fi/onto/yso/p2190
=650  \7$amyter$2yso/swe$0http://www.yso.fi/onto/yso/p1248
=650  \7$amyytit$2yso/fin$0http://www.yso.fi/onto/yso/p1248
=650  \7$apyhyys$2yso/fin$0http://www.yso.fi/onto/yso/p2621
=650  \7$areligion och religioner$2yso/swe$0http://www.yso.fi/onto/yso/p2921
=650  \7$areligionsantropologi$2yso/swe$0http://www.yso.fi/onto/yso/p16472
=650  \7$areligionspsykologi$2yso/swe$0http://www.yso.fi/onto/yso/p19771
=650  \7$areligionssociologi$2yso/swe$0http://www.yso.fi/onto/yso/p16170
=650  \7$auskonto ja uskonnot$2yso/fin$0http://www.yso.fi/onto/yso/p2921
=650  \7$auskontoantropologia$2yso/fin$0http://www.yso.fi/onto/yso/p16472
=650  \7$auskontopsykologia$2yso/fin$0http://www.yso.fi/onto/yso/p19771
=650  \7$auskontososiologia$2yso/fin$0http://www.yso.fi/onto/yso/p16170
=650  \7$ayhteisöt$2yso/fin$0http://www.yso.fi/onto/yso/p3835
=773  0\$7nnas$w(FI-MELINDA)003580424$w(FI-Arto)1385412$tTiede 2000. -$x0358-1039. -$dHelsinki : Tieteen tiedotus. -$g15 (1995) : 7, s. 54-57$q0007$sTiede 2000
=773  0\$7nnas$w(FI-MELINDA)003580424$w(FI-Arto)1385412$tTiede 2000. -$x0358-1039. -$g15(1995) : 7, s. 54-57$sTiede 2000
=884  \\$aAleksi(FINMARC)-Arto(MARC 21)-konversio$g20180221$qFI-ARTO$5ARTO
=960  \\$aARTO
=960  \\$aAleksi$5ARTO
=995  \\$aKansalliskirjasto$bAleksi$5ARTO$bHYjulki

