=LDR  01592cab a22003614i 4500
=001  a012295706
=003  FI-MELINDA
=005  20191015201034.0
=008  951212s1995\\\\fi\|||||\||||||||||0fin||
=035  \\$a(FI-MELINDA)012295706
=041  0\$afin
=080  \\$a087.5
=100  1\$aManninen, Kerttu.
=245  10$aLasten ja nuorten kirjoja.
=336  \\$ateksti$btxt$2rdacontent
=337  \\$akäytettävissä ilman laitetta$bn$2rdamedia
=380  \\$akirja-arvostelu
=380  \\$iMajor genre$aSecondary literature$leng
=650  \7$abarnlitteratur$2yso/swe$0http://www.yso.fi/onto/yso/p4742
=650  \7$abilderböcker$2yso/swe$0http://www.yso.fi/onto/yso/p11808
=650  \7$afacklitteratur$2yso/swe$0http://www.yso.fi/onto/yso/p12202
=650  \7$akirja-arvostelut$2yso/fin$0http://www.yso.fi/onto/yso/p3537
=650  \7$akuvakirjat$2yso/fin$0http://www.yso.fi/onto/yso/p11808
=650  \7$alastenkirjallisuus$2yso/fin$0http://www.yso.fi/onto/yso/p4742
=650  \7$alitteraturrecensioner$2yso/swe$0http://www.yso.fi/onto/yso/p3537
=650  \7$anuortenkirjallisuus$2yso/fin$0http://www.yso.fi/onto/yso/p5398
=650  \7$atietokirjallisuus$2yso/fin$0http://www.yso.fi/onto/yso/p12202
=650  \7$aungdomslitteratur$2yso/swe$0http://www.yso.fi/onto/yso/p5398
=650  \7$aReview$2ELB-g
=650  \7$aChildren 's literature$2ELB-g
=773  0\$w(FI-MELINDA)004110784$7nnas$w(FI-Arto)1388777$tLapsen maailma. -$x0786-0188. -$dHelsinki : Lastensuojelun keskusliitto. -$g54 (1995) : 11, s. 38-39$q0010$sLapsen maailma
=960  \\$aARTO
=995  \\$aKansalliskirjasto$bPsyko$5ARTO

