=LDR  01034cab a22002654i 4500
=001  a012295733
=003  FI-MELINDA
=005  20191015201103.0
=008  951212s1994\\\\fi\|||||\||||||||||0fin||
=035  \\$a(FI-MELINDA)012295733
=041  0\$afin
=080  \\$a02
=100  1\$aPaavola, Vesa$1http://viaf.org/viaf/78014606
=245  10$aAnalyysejä ja valmiita reseptejä :$bjohtamisoppaiden laaja kirjo.
=336  \\$ateksti$btxt$2rdacontent
=337  \\$akäytettävissä ilman laitetta$bn$2rdamedia
=380  \\$akirja-arvostelu
=380  \\$iMajor genre$aSecondary literature$leng
=650  \7$akirja-arvostelut$2yso/fin$0http://www.yso.fi/onto/yso/p3537
=650  \7$alitteraturrecensioner$2yso/swe$0http://www.yso.fi/onto/yso/p3537
=650  \7$aReview$2ELB-g
=773  0\$w(FI-MELINDA)009326693$7nnas$w(FI-Arto)1388946$tKirjastolehti. -$x0023-1843. -$dHelsinki : Suomen kirjastoseura. -$g87 (1994) : 4, s. 130-131$q0004$sKirjastolehti (Painettu)
=850  \\$aFI-Y$5ARTO
=960  \\$aARTO
=995  \\$aKansalliskirjasto$bKinf$5ARTO

