=LDR  02006cab a22004574i 4500
=001  a012295755
=003  FI-MELINDA
=005  20191015201131.0
=008  951212s1995\\\\fi\|||||\||||||||||0fin||
=035  \\$a(FI-MELINDA)012295755
=041  0\$afin
=080  \\$a3
=080  \\$a7.01
=100  1\$aSevcíková, Jana.
=245  10$aTsekin nykytaide.
=300  \\$bkuvitettu
=336  \\$ateksti$btxt$2rdacontent
=337  \\$akäytettävissä ilman laitetta$bn$2rdamedia
=500  \\$aKUVA: Králová, Romana : Nimetön, 1993.
=648  \7$a1900-1990-luku$2yso/fin
=650  \7$abildkonst$2yso/swe$0http://www.yso.fi/onto/yso/p2739
=650  \7$abildkonstnärer$2yso/swe$0http://www.yso.fi/onto/yso/p7530
=650  \7$adagböcker$2yso/swe$0http://www.yso.fi/onto/yso/p2717
=650  \7$akonstmuseer$2yso/swe$0http://www.yso.fi/onto/yso/p8144
=650  \7$akuvataide$2yso/fin$0http://www.yso.fi/onto/yso/p2739
=650  \7$akuvataiteilijat$2yso/fin$0http://www.yso.fi/onto/yso/p7530
=650  \7$apäiväkirjat$2yso/fin$0http://www.yso.fi/onto/yso/p2717
=650  \7$aroller$2yso/swe$0http://www.yso.fi/onto/yso/p14418
=650  \7$aroolit$2yso/fin$0http://www.yso.fi/onto/yso/p14418
=650  \7$asamhällsförändring$2yso/swe$0http://www.yso.fi/onto/yso/p2954
=650  \7$ataidemuseot$2yso/fin$0http://www.yso.fi/onto/yso/p8144
=650  \7$atotalitarism$2yso/swe$0http://www.yso.fi/onto/yso/p8526
=650  \7$atotalitarismi$2yso/fin$0http://www.yso.fi/onto/yso/p8526
=650  \7$ayhteiskunnallinen muutos$2yso/fin$0http://www.yso.fi/onto/yso/p2954
=650  \7$aDiary$2ELB-g
=651  \7$aTjeckien$2yso/swe$0http://www.yso.fi/onto/yso/p107480
=651  \7$aTšekki$2yso/fin$0http://www.yso.fi/onto/yso/p107480
=700  1\$aSevcík, Jirí.
=773  0\$w(FI-MELINDA)000674698$7nnas$w(FI-Arto)33472$tTaide. -$x0039-8977. -$dHelsinki : Suomen taiteilijaseura. -$g35 (1995) : 5, s. 58-60$q0005$sTaide (Helsinki. 1960)
=960  \\$aARTO
=995  \\$aKansalliskirjasto$bTaik$5ARTO

