=LDR  02042cab a22004094i 4500
=001  a012295780
=003  FI-MELINDA
=005  20190711064331.0
=008  951212s1995\\\\fi\|||||\||||||||||0fin||
=035  \\$a(FI-MELINDA)012295780
=041  0\$afin
=080  \\$a37.042.1$x-055.15$x(091)
=080  \\$a372.879.6
=084  \\$aHIS:15.3.1$2z
=100  1\$aHentilä, Seppo$d(1948- )$1http://viaf.org/viaf/91754119
=245  10$aPoikien liikuntakasvatus loi porvarillisen miehuuden malleja /$cSeppo Hentilä.
=336  \\$ateksti$btxt$2rdacontent
=337  \\$akäytettävissä ilman laitetta$bn$2rdamedia
=380  \\$akirja-arvostelu
=380  \\$iMajor genre$aSecondary literature$leng
=600  14$aMeinander, Henrik$d(1960- )$tTowards a bourgeois manhood.$1http://viaf.org/viaf/37007544
=650  \4$apojat
=650  \7$afysisk fostran$2yso/swe$0http://www.yso.fi/onto/yso/p15764
=650  \7$ahistoria$2yso/fin$0http://www.yso.fi/onto/yso/p1780
=650  \7$ahistoria$2yso/swe$0http://www.yso.fi/onto/yso/p1780
=650  \7$aidrottskultur$2yso/swe$0http://www.yso.fi/onto/yso/p3924
=650  \7$akirja-arvostelut$2yso/fin$0http://www.yso.fi/onto/yso/p3537
=650  \7$aliikuntakasvatus$2yso/fin$0http://www.yso.fi/onto/yso/p15764
=650  \7$aliikuntakulttuuri$2yso/fin$0http://www.yso.fi/onto/yso/p3924
=650  \7$alitteraturrecensioner$2yso/swe$0http://www.yso.fi/onto/yso/p3537
=650  \7$aReview$2ELB-g
=651  \7$aNorden$2yso/swe$0http://www.yso.fi/onto/yso/p94350
=651  \7$aPohjoismaat$2yso/fin$0http://www.yso.fi/onto/yso/p94350
=773  0\$w(FI-MELINDA)000761055$7nnas$w(FI-Arto)21250$tSuomen urheiluhistoriallisen seuran vuosikirja. -$x1237-3133. -$dHelsinki : Suomen urheiluhistoriallinen seura. -$g1995, s. 259-260$sSuomen urheiluhistoriallisen seuran vuosikirja
=787  08$iArvosteltu teos:$tTowards a bourgeois manhood : boys' physical education in Nordic secondary schools 1880-1940$aHenrik Meinander.$dHelsinki, 1994
=960  \\$aARTO
=995  \\$aKansalliskirjasto$bHYjulki$bHist$bLiik$5ARTO

