=LDR  01366cab a22003374i 4500
=001  a012295787
=003  FI-MELINDA
=005  20191015201217.0
=008  951212s1994\\\\fi\|||||\||||||||||0fin||
=035  \\$a(FI-MELINDA)012295787
=041  0\$afin
=080  \\$a02
=100  1\$aKoivunen, Hannele$d(1949- )$1http://viaf.org/viaf/229292047
=245  10$aSemioottinen matka rakkauteen.
=336  \\$ateksti$btxt$2rdacontent
=337  \\$akäytettävissä ilman laitetta$bn$2rdamedia
=380  \\$akirja-arvostelu
=380  \\$iMajor genre$aSecondary literature$leng
=600  14$aBroms, Henri.
=650  \7$akirja-arvostelut$2yso/fin$0http://www.yso.fi/onto/yso/p3537
=650  \7$akulttuuri$2yso/fin$0http://www.yso.fi/onto/yso/p372
=650  \7$akultur$2yso/swe$0http://www.yso.fi/onto/yso/p372
=650  \7$alitteraturrecensioner$2yso/swe$0http://www.yso.fi/onto/yso/p3537
=650  \7$aReview$2ELB-g
=651  \7$aEstland$2yso/swe$0http://www.yso.fi/onto/yso/p104987
=651  \7$aViro$2yso/fin$0http://www.yso.fi/onto/yso/p104987
=773  0\$w(FI-MELINDA)009326693$7nnas$w(FI-Arto)1388946$tKirjastolehti. -$x0023-1843. -$dHelsinki : Suomen kirjastoseura. -$g87 (1994) : 4, s. 133$q0004$sKirjastolehti (Painettu)
=787  08$iArvosteltu teos:$tPaikan henki$aHenri Broms
=850  \\$aFI-Y$5ARTO
=960  \\$aARTO
=995  \\$aKansalliskirjasto$bKinf$5ARTO

