=LDR  01087cab a22002894i 4500
=001  a012295810
=003  FI-MELINDA
=005  20191015201238.0
=008  951212s1994\\\\fi\|||||\||||||||||0fin||
=035  \\$a(FI-MELINDA)012295810
=041  0\$afin
=080  \\$a02
=100  1\$aBroms, Henri.
=245  10$aSysteemiromaani nousi historia yöstä :$bRobert Prsigin lila.
=336  \\$ateksti$btxt$2rdacontent
=337  \\$akäytettävissä ilman laitetta$bn$2rdamedia
=380  \\$akirja-arvostelu
=380  \\$iMajor genre$aSecondary literature$leng
=600  14$aPirsig, Robert.$tLila.
=650  \7$akirja-arvostelut$2yso/fin$0http://www.yso.fi/onto/yso/p3537
=650  \7$alitteraturrecensioner$2yso/swe$0http://www.yso.fi/onto/yso/p3537
=650  \7$aReview$2ELB-g
=773  0\$w(FI-MELINDA)009326693$7nnas$w(FI-Arto)1388946$tKirjastolehti. -$x0023-1843. -$dHelsinki : Suomen kirjastoseura. -$g87 (1994) : 3, s. 100$q0003$sKirjastolehti (Painettu)
=787  08$iArvosteltu teos:$tLila$aRobert Pirsig
=850  \\$aFI-Y$5ARTO
=960  \\$aARTO
=995  \\$aKansalliskirjasto$bKinf$5ARTO

