=LDR  02830cab a22006134i 4500
=001  a012295825
=003  FI-MELINDA
=005  20190704132409.0
=008  951212s1995\\\\fi\|||||\||||\|||||0fin|c
=035  \\$a(FI-MELINDA)012295825
=040  \\$aFI-BTJ
=041  0\$afin
=080  \\$a232
=084  \\$a22$2ykl
=100  1\$aÄärelä, Torsti.
=245  10$aLisää näkökulmia kaivataan.
=246  3\$aKuka Jeesus?.$gRaimo Harjula, Ilkka Pyysiäinen (toim.)
=336  \\$ateksti$btxt$2rdacontent
=337  \\$akäytettävissä ilman laitetta$bn$2rdamedia
=380  \\$akirja-arvostelu
=380  \\$iMajor genre$aSecondary literature$leng
=600  14$aHarjula, Raimo.
=600  14$aJeesus Kristus.
=600  14$aPyysiäinen, Ilkka.
=630  04$aKuka Jeesus?.
=650  \7$aRaamatun henkilöt$2yso/fin$0http://www.yso.fi/onto/yso/p9133
=650  \7$abibliska personer$2yso/swe$0http://www.yso.fi/onto/yso/p9133
=650  \7$ade väckta$2yso/swe$0http://www.yso.fi/onto/yso/p6269
=650  \7$aelokuvat$2yso/fin$0http://www.yso.fi/onto/yso/p1235
=650  \7$afeministiteologia$2yso/fin$0http://www.yso.fi/onto/yso/p5509
=650  \7$afeministteologi$2yso/swe$0http://www.yso.fi/onto/yso/p5509
=650  \7$afilmer$2yso/swe$0http://www.yso.fi/onto/yso/p1235
=650  \7$aherännäisyys$2yso/fin$0http://www.yso.fi/onto/yso/p6269
=650  \7$aislam$2yso/fin$0http://www.yso.fi/onto/yso/p2082
=650  \7$aislam$2yso/swe$0http://www.yso.fi/onto/yso/p2082
=650  \7$akansallissosialismi$2yso/fin$0http://www.yso.fi/onto/yso/p12596
=650  \7$akaunokirjallisuus$2yso/fin$0http://www.yso.fi/onto/yso/p4
=650  \7$akirja-arvostelut$2yso/fin$0http://www.yso.fi/onto/yso/p3537
=650  \7$alitteraturrecensioner$2yso/swe$0http://www.yso.fi/onto/yso/p3537
=650  \7$anazism$2yso/swe$0http://www.yso.fi/onto/yso/p12596
=650  \7$arocklyriikka$2yso/fin$0http://www.yso.fi/onto/yso/p12061
=650  \7$arocklyrik$2yso/swe$0http://www.yso.fi/onto/yso/p12061
=650  \7$askönlitteratur$2yso/swe$0http://www.yso.fi/onto/yso/p4
=650  \7$aPoetry$2ELB-g
=650  \7$aReview$2ELB-g
=650  \7$aLyric$2ELB-g
=773  0\$w(FI-MELINDA)004154452$7nnas$w(FI-Arto)1386294$tParnasso. -$x0031-2320. -$dHelsinki : Yhtyneet kuvalehdet. -$g45 (1995) : 4, s. 474-475$q0004$sParnasso
=773  0\$w(FI-MELINDA)004154452$7nnas$w(FI-Arto)1386294$tParnasso. -$x0031-2320. -$g45(1995) : 4, s.474-475$sParnasso
=787  08$iArvosteltu teos:$tKuka Jeesus? /$aRaimo Harjula, Ilkka Pyysiäinen (toim.).
=787  08$iArvosteltu teos:$tKuka Jeesus?$atoimittaneet Raimo Harjula ja Ilkka Pyysiäinen.$dHelsinki, 1995
=884  \\$aAleksi(FINMARC)-Arto(MARC 21)-konversio$g20180221$qFI-ARTO$5ARTO
=960  \\$aARTO
=960  \\$aAleksi$5ARTO
=995  \\$aKansalliskirjasto$bAleksi$5ARTO$bKitu

