=LDR  01490cab a22003254i 4500
=001  a012295842
=003  FI-MELINDA
=005  20191015201301.0
=008  951213s1957\\\\fi\|||||\||||||||||0fin||
=035  \\$a(FI-MELINDA)012295842
=041  0\$afin
=080  \\$a931/939
=084  \\$aHIS:4$2z
=100  1\$aAro, Jussi$d(1928-1983)$1http://viaf.org/viaf/47203992
=245  10$aUutta valoa Juudan valtakunnan viimeisiin aikoihin /$cJussi Aro.
=336  \\$ateksti$btxt$2rdacontent
=337  \\$akäytettävissä ilman laitetta$bn$2rdamedia
=650  \7$ababylonialaiset$2yso/fin$0http://www.yso.fi/onto/yso/p18307
=650  \7$ababylonier$2yso/swe$0http://www.yso.fi/onto/yso/p18307
=650  \7$ahallitsijat$2yso/fin$0http://www.yso.fi/onto/yso/p3001
=650  \7$ahistoria$2yso/fin$0http://www.yso.fi/onto/yso/p1780
=650  \7$ahistoria$2yso/swe$0http://www.yso.fi/onto/yso/p1780
=650  \7$akronikat$2yso/fin$0http://www.yso.fi/onto/yso/p11598
=650  \7$akrönikor$2yso/swe$0http://www.yso.fi/onto/yso/p11598
=650  \7$aregenter$2yso/swe$0http://www.yso.fi/onto/yso/p3001
=651  \7$aBabylonia$2yso/fin$0http://www.yso.fi/onto/yso/p107980
=651  \7$aBabylonien$2yso/swe$0http://www.yso.fi/onto/yso/p107980
=773  0\$w(FI-MELINDA)000067777$7nnas$w(FI-Arto)1386612$tTeologinen aikakauskirja. -$x0040-3555 . -$dHelsinki : Teologinen julkaisuseura. -$g62 (1957) : 4, s. 169-179$q0004$sTeologinen aikakauskirja
=960  \\$aARTO
=995  \\$aKansalliskirjasto$bHist$5ARTO

