=LDR  01283cab a22003014i 4500
=001  a012295851
=003  FI-MELINDA
=005  20191015201311.0
=008  951213s1995\\\\fi\|||||\||||||||||0fin||
=035  \\$a(FI-MELINDA)012295851
=041  0\$afin
=080  \\$a784$x'04/15'
=084  \\$aHIS:26.2.3$2z
=100  1\$aHäyrynen, Antti$1http://viaf.org/viaf/302578763
=245  10$aNainen jalustalla :$btrubaduurilaulut peilaavat aistillista hovirakkautta /$cAntti Häyrynen.
=336  \\$ateksti$btxt$2rdacontent
=337  \\$akäytettävissä ilman laitetta$bn$2rdamedia
=650  \7$akeskiaika$2yso/fin$0http://www.yso.fi/onto/yso/p2559
=650  \7$akärlek$2yso/swe$0http://www.yso.fi/onto/yso/p5131
=650  \7$alyriikka$2yso/fin$0http://www.yso.fi/onto/yso/p1365
=650  \7$alyrik$2yso/swe$0http://www.yso.fi/onto/yso/p1365
=650  \7$amedeltiden$2yso/swe$0http://www.yso.fi/onto/yso/p2559
=650  \7$arakkaus$2yso/fin$0http://www.yso.fi/onto/yso/p5131
=650  \7$aPoetry$2ELB-g
=773  0\$w(FI-MELINDA)004991006$7nnas$w(FI-Arto)1386645$tRondo : musiikkilehti. -$x0355-5054. -$dHelsinki : Suomen musiikinopettajain liitto. -$g33 (1995) : 9, s. 15-16$q0009$sRondo (Helsinki. 1962)
=850  \\$aFI-Jo$5ARTO
=960  \\$aARTO
=995  \\$aKansalliskirjasto$bHist$5ARTO

