=LDR  01072cab a22002894i 4500
=001  a012295956
=003  FI-MELINDA
=005  20191015201535.0
=008  951214s1994\\\\fi\|||||\||||||||||0fin||
=035  \\$a(FI-MELINDA)012295956
=041  0\$afin
=080  \\$a02
=100  1\$aRantamäki, Marja.
=245  10$aMatkoja ajassa.
=336  \\$ateksti$btxt$2rdacontent
=337  \\$akäytettävissä ilman laitetta$bn$2rdamedia
=380  \\$akirja-arvostelu
=380  \\$iMajor genre$aSecondary literature$leng
=600  14$aLightman, Alan.$tEinsteinin unet.
=650  \7$akirja-arvostelut$2yso/fin$0http://www.yso.fi/onto/yso/p3537
=650  \7$alitteraturrecensioner$2yso/swe$0http://www.yso.fi/onto/yso/p3537
=650  \7$aReview$2ELB-g
=773  0\$w(FI-MELINDA)009326693$7nnas$w(FI-Arto)1388946$tKirjastolehti. -$x0023-1843. -$dHelsinki : Suomen kirjastoseura. -$g87 (1994) : 1, s. 28$q0001$sKirjastolehti (Painettu)
=787  08$iArvosteltu teos:$tEinsteinin unet$aAlan Lightman, 1993
=850  \\$aFI-Y$5ARTO
=960  \\$aARTO
=995  \\$aKansalliskirjasto$bKinf$5ARTO

