=LDR  01161cab a22002894i 4500
=001  a012295957
=003  FI-MELINDA
=005  20191015201536.0
=008  951214s1994\\\\fi\|||||\||||||||||0fin||
=035  \\$a(FI-MELINDA)012295957
=041  0\$afin
=080  \\$a02
=100  1\$aLappalainen, Timo$1http://viaf.org/viaf/61252944
=245  10$aSinisten ajatusten polulla.
=336  \\$ateksti$btxt$2rdacontent
=337  \\$akäytettävissä ilman laitetta$bn$2rdamedia
=380  \\$akirja-arvostelu
=380  \\$iMajor genre$aSecondary literature$leng
=600  14$avan de Waarsenburg, Hans.$tSininen, belgialainen kaniini.
=650  \7$akirja-arvostelut$2yso/fin$0http://www.yso.fi/onto/yso/p3537
=650  \7$alitteraturrecensioner$2yso/swe$0http://www.yso.fi/onto/yso/p3537
=650  \7$aReview$2ELB-g
=773  0\$w(FI-MELINDA)009326693$7nnas$w(FI-Arto)1388946$tKirjastolehti. -$x0023-1843. -$dHelsinki : Suomen kirjastoseura. -$g87 (1994) : 1, s. 28$q0001$sKirjastolehti (Painettu)
=787  08$iArvosteltu teos:$tSininen belgialainen kaniini$aHans van de Waarsenburg, 1987
=850  \\$aFI-Y$5ARTO
=960  \\$aARTO
=995  \\$aKansalliskirjasto$bKinf$5ARTO

