=LDR  01148cab a22002894i 4500
=001  a012295960
=003  FI-MELINDA
=005  20191030185836.0
=008  951214s1994\\\\fi\|||||\||||||||||0und||
=035  \\$a(FI-MELINDA)012295960
=041  0\$aund
=080  \\$a02
=100  1\$aAppelgren, Stig.
=245  10$aAmatördiplomat.
=336  \\$ateksti$btxt$2rdacontent
=337  \\$akäytettävissä ilman laitetta$bn$2rdamedia
=380  \\$akirja-arvostelu
=380  \\$iMajor genre$aSecondary literature$leng
=600  14$aLeifland, Leif$d(1925-2015)$tSvartlistningen av Axel Wenner-Gren.$1http://viaf.org/viaf/73944520
=650  \7$akirja-arvostelut$2yso/fin$0http://www.yso.fi/onto/yso/p3537
=650  \7$alitteraturrecensioner$2yso/swe$0http://www.yso.fi/onto/yso/p3537
=650  \7$aReview$2ELB-g
=773  0\$w(FI-MELINDA)009326693$7nnas$w(FI-Arto)1388946$tKirjastolehti. -$x0023-1843. -$dHelsinki : Suomen kirjastoseura. -$g87 (1994) : 1, s. 28$q0001$sKirjastolehti (Painettu)
=787  08$iArvosteltu teos:$tSvartlistningen av Axel Wenner-Gren$aLeif Leifland
=850  \\$aFI-Y$5ARTO
=960  \\$aARTO
=995  \\$aKansalliskirjasto$bKinf$5ARTO

