=LDR  02809cab a22005534i 4500
=001  a012296030
=003  FI-MELINDA
=005  20190704132435.0
=008  951214s1995\\\\fi\|||||\||||\|||||0fin|c
=035  \\$a(FI-MELINDA)012296030
=040  \\$aFI-BTJ
=041  0\$afin
=080  \\$a316.624
=080  \\$a364.2
=080  \\$a364.4
=084  \\$a37.41$2ykl
=084  \\$a37.42$2ykl
=100  1\$aMäkipää-Rautio, Outi.
=245  10$aSelviääkö Columbo yksin vai vainko joukko?.
=246  3\$aTerapeutit salapoliiseina : insestiepäilyksen asianmukainen tutkiminen
=336  \\$ateksti$btxt$2rdacontent
=337  \\$akäytettävissä ilman laitetta$bn$2rdamedia
=380  \\$akirja-arvostelu
=380  \\$iMajor genre$aSecondary literature$leng
=600  14$aHoorwich, Aaron Noah.$tTerapeutit salapoliiseina : insestiepäilyksen asianmukainen tutkiminen.
=600  14$aHoorwich, Aaron Noah.$tTerapeutit salapoliiseina.
=650  \7$abarn (åldersgrupper)$2yso/swe$0http://www.yso.fi/onto/yso/p4354
=650  \7$abarnskydd$2yso/swe$0http://www.yso.fi/onto/yso/p2289
=650  \7$aforskning$2yso/swe$0http://www.yso.fi/onto/yso/p183
=650  \7$aincest$2yso/swe$0http://www.yso.fi/onto/yso/p6958
=650  \7$ainsesti$2yso/fin$0http://www.yso.fi/onto/yso/p6958
=650  \7$akirja-arvostelut$2yso/fin$0http://www.yso.fi/onto/yso/p3537
=650  \7$alapset (ikäryhmät)$2yso/fin$0http://www.yso.fi/onto/yso/p4354
=650  \7$alastensuojelu$2yso/fin$0http://www.yso.fi/onto/yso/p2289
=650  \7$alitteraturrecensioner$2yso/swe$0http://www.yso.fi/onto/yso/p3537
=650  \7$aseksuaalinen hyväksikäyttö$2yso/fin$0http://www.yso.fi/onto/yso/p5386
=650  \7$aseksuaalirikokset$2yso/fin$0http://www.yso.fi/onto/yso/p6010
=650  \7$asexualbrott$2yso/swe$0http://www.yso.fi/onto/yso/p6010
=650  \7$asexuellt utnyttjande$2yso/swe$0http://www.yso.fi/onto/yso/p5386
=650  \7$atutkimus$2yso/fin$0http://www.yso.fi/onto/yso/p183
=650  \7$aReview$2ELB-g
=773  0\$w(FI-MELINDA)000068938$7nnas$w(FI-Arto)1388992$tPsykologia. -$x0355-1067. -$dHelsinki : Suomen psykologinen seura. -$g30 (1995) : 6, s. 490-491$q0006$sPsykologia (Painettu)
=773  0\$w(FI-MELINDA)000068938$7nnas$w(FI-Arto)1388992$tPsykologia. -$x0355-1067. -$g30(1995) : 6, s.490-491$sPsykologia (Painettu)
=787  08$iArvosteltu teos:$tTerapeutit salapoliiseina : insestiepäilyksen asianmukainen tutkiminen /$aAaron Noah Hoorwich.
=787  08$iArvosteltu teos:$tTerapeutit salapoliiseina : insestiepäilyksen asianmukainen tutkiminen$aAaron Noah Hoorwich ; [suomennos: Helen Büzow].$dJärvenpää, 1995
=884  \\$aAleksi(FINMARC)-Arto(MARC 21)-konversio$g20180221$qFI-ARTO$5ARTO
=960  \\$aARTO
=960  \\$aAleksi$5ARTO
=995  \\$aKansalliskirjasto$bAleksi$5ARTO$bPsyko

