=LDR  01868cab a22004094i 4500
=001  a012296032
=003  FI-MELINDA
=005  20191015201712.0
=008  951214s1956\\\\fi\|||||\||||||||||0fin||
=035  \\$a(FI-MELINDA)012296032
=041  0\$afin
=080  \\$a933
=084  \\$aHIS:6$2z
=100  1\$aLauha, Aarre.
=245  10$aKirja-arvostelu /$cAarre Lauha.
=336  \\$ateksti$btxt$2rdacontent
=337  \\$akäytettävissä ilman laitetta$bn$2rdamedia
=380  \\$akirja-arvostelu
=380  \\$iMajor genre$aSecondary literature$leng
=600  14$aSaarisalo, Aapeli.$tPyhä maa Rammatun muinaistutkimuksen valossa.
=650  \7$aBibeln$2yso/swe$0http://www.yso.fi/onto/yso/p14387
=650  \7$aRaamattu$2yso/fin$0http://www.yso.fi/onto/yso/p14387
=650  \7$aarkeologi$2yso/swe$0http://www.yso.fi/onto/yso/p1265
=650  \7$aarkeologia$2yso/fin$0http://www.yso.fi/onto/yso/p1265
=650  \7$ahistoria$2yso/fin$0http://www.yso.fi/onto/yso/p1780
=650  \7$ahistoria$2yso/swe$0http://www.yso.fi/onto/yso/p1780
=650  \7$akirja-arvostelut$2yso/fin$0http://www.yso.fi/onto/yso/p3537
=650  \7$alitteraturrecensioner$2yso/swe$0http://www.yso.fi/onto/yso/p3537
=650  \7$aReview$2ELB-g
=651  \7$aIsrael$2yso/fin$0http://www.yso.fi/onto/yso/p105162
=651  \7$aIsrael$2yso/swe$0http://www.yso.fi/onto/yso/p105162
=651  \7$aPalestiina$2yso/fin$0http://www.yso.fi/onto/yso/p105500
=651  \7$aPalestina$2yso/swe$0http://www.yso.fi/onto/yso/p105500
=773  0\$w(FI-MELINDA)000067777$7nnas$w(FI-Arto)1386612$tTeologinen aikakauskirja. -$x0040-3555 . -$dHelsinki : Teologinen julkaisuseura. -$g61 (1956) : 2, s. 104-108$q0002$sTeologinen aikakauskirja
=787  08$iArvosteltu teos:$tPyhä maa Raamatun muinaistutkimuksen valossa$aAapeli Saarisalo.$dPorvoo, 1955
=960  \\$aARTO
=995  \\$aKansalliskirjasto$bHist$5ARTO

