=LDR  04427cab a22008774i 4500
=001  a012296036
=003  FI-MELINDA
=005  20190704132435.0
=008  951214s1995\\\\fi\|||||\||||\|||||0fin|c
=035  \\$a(FI-MELINDA)012296036
=040  \\$aFI-BTJ
=041  0\$afin
=080  \\$a316.4
=080  \\$a316.6
=080  \\$a374
=084  \\$a30.13$2ykl
=084  \\$a38.2$2ykl
=084  \\$a39$2ykl
=100  1\$aKallio, Eeva$1http://viaf.org/viaf/56281611
=245  10$aKoulutusta ja ryhmätyötä.
=246  3\$aKouluttamisen perusteet
=336  \\$ateksti$btxt$2rdacontent
=337  \\$akäytettävissä ilman laitetta$bn$2rdamedia
=380  \\$akirja-arvostelu
=380  \\$iMajor genre$aSecondary literature$leng
=600  14$aEskola, Marjatta$1http://viaf.org/viaf/30826902
=600  14$aEskola, Marjatta$tRyhmätyö.$1http://viaf.org/viaf/30826902
=600  14$aHeikkurinen, Toivo.$tKouluttamisen perusteet.
=600  14$aJauhiainen, Riitta.
=600  14$aJauhiainen, Riitta.$tRyhmätyö.
=630  04$aRyhmäilmiö.
=650  \7$aammattitaito$2yso/fin$0http://www.yso.fi/onto/yso/p9365
=650  \7$agrupparbete$2yso/swe$0http://www.yso.fi/onto/yso/p4079
=650  \7$agruppbeteende$2yso/swe$0http://www.yso.fi/onto/yso/p13203
=650  \7$agrupper$2yso/swe$0http://www.yso.fi/onto/yso/p1127
=650  \7$ahandledning$2yso/swe$0http://www.yso.fi/onto/yso/p178
=650  \7$ahoitotyö$2yso/fin$0http://www.yso.fi/onto/yso/p10684
=650  \7$ainlärning$2yso/swe$0http://www.yso.fi/onto/yso/p2945
=650  \7$akirja-arvostelut$2yso/fin$0http://www.yso.fi/onto/yso/p3537
=650  \7$akouluttajat$2yso/fin$0http://www.yso.fi/onto/yso/p1118
=650  \7$akoulutus$2yso/fin$0http://www.yso.fi/onto/yso/p84
=650  \7$alandets försvar$2yso/swe$0http://www.yso.fi/onto/yso/p731
=650  \7$alitteraturrecensioner$2yso/swe$0http://www.yso.fi/onto/yso/p3537
=650  \7$amaanpuolustus$2yso/fin$0http://www.yso.fi/onto/yso/p731
=650  \7$amilitära undervisningsanstalter$2yso/swe$0http://www.yso.fi/onto/yso/p11930
=650  \7$aohjaus (neuvonta ja opastus)$2yso/fin$0http://www.yso.fi/onto/yso/p178
=650  \7$aopetus$2yso/fin$0http://www.yso.fi/onto/yso/p2630
=650  \7$aoppiminen$2yso/fin$0http://www.yso.fi/onto/yso/p2945
=650  \7$apienryhmät$2yso/fin$0http://www.yso.fi/onto/yso/p6375
=650  \7$aryhmäkäyttäytyminen$2yso/fin$0http://www.yso.fi/onto/yso/p13203
=650  \7$aryhmät$2yso/fin$0http://www.yso.fi/onto/yso/p1127
=650  \7$aryhmätyö$2yso/fin$0http://www.yso.fi/onto/yso/p4079
=650  \7$asmågrupper$2yso/swe$0http://www.yso.fi/onto/yso/p6375
=650  \7$asocialt arbete$2yso/swe$0http://www.yso.fi/onto/yso/p3286
=650  \7$asoldater$2yso/swe$0http://www.yso.fi/onto/yso/p2504
=650  \7$asosiaalityö$2yso/fin$0http://www.yso.fi/onto/yso/p3286
=650  \7$asotilaat$2yso/fin$0http://www.yso.fi/onto/yso/p2504
=650  \7$asotilasopetuslaitokset$2yso/fin$0http://www.yso.fi/onto/yso/p11930
=650  \7$aundervisning$2yso/swe$0http://www.yso.fi/onto/yso/p2630
=650  \7$autbildare$2yso/swe$0http://www.yso.fi/onto/yso/p1118
=650  \7$autbildning$2yso/swe$0http://www.yso.fi/onto/yso/p84
=650  \7$avuorovaikutus$2yso/fin$0http://www.yso.fi/onto/yso/p10591
=650  \7$aväxelverkan$2yso/swe$0http://www.yso.fi/onto/yso/p10591
=650  \7$avårdarbete$2yso/swe$0http://www.yso.fi/onto/yso/p10684
=650  \7$ayrkesskicklighet$2yso/swe$0http://www.yso.fi/onto/yso/p9365
=650  \7$aReview$2ELB-g
=773  0\$w(FI-MELINDA)000068938$7nnas$w(FI-Arto)1388992$tPsykologia : tiedepoliittinen aikakauslehti. -$x0355-1067. -$dHelsinki : Suomen psykologinen seura. -$g30 (1995) : 6, s. 493-494$q0006$sPsykologia (Painettu)
=773  0\$w(FI-MELINDA)000068938$7nnas$w(FI-Arto)1388992$tPsykologia. -$x0355-1067. -$g30(1995) : 6, s.493-494$sPsykologia (Painettu)
=787  08$iArvosteltu teos:$tKouluttamisen perusteet /$aToivo Heikkurinen.
=787  08$iArvosteltu teos:$tKouluttamisen perusteet$aToivo Heikkurinen.$dPieksämäki, 1994
=787  08$iArvosteltu teos:$tRyhmäilmiö /$aRiitta Jauhiainen.
=787  08$iArvosteltu teos:$tRyhmäilmiö$aRiitta Jauhiainen, Marjatta Eskola.$dJuva, 1994
=884  \\$aAleksi(FINMARC)-Arto(MARC 21)-konversio$g20180221$qFI-ARTO$5ARTO
=960  \\$aARTO
=960  \\$aAleksi$5ARTO
=995  \\$aKansalliskirjasto$bAleksi$5ARTO$bPsyko

