=LDR  01531cab a22003374i 4500
=001  a012296037
=003  FI-MELINDA
=005  20191015201715.0
=008  951214s1957\\\\fi\|||||\||||||||||0fin||
=035  \\$a(FI-MELINDA)012296037
=041  0\$afin
=080  \\$a931/939
=084  \\$aHIS:4$2z
=100  1\$aAro, Jussi$d(1928-1983)$1http://viaf.org/viaf/47203992
=245  10$aKirja-arvostelu /$cJussi Aro.
=336  \\$ateksti$btxt$2rdacontent
=337  \\$akäytettävissä ilman laitetta$bn$2rdamedia
=380  \\$akirja-arvostelu
=380  \\$iMajor genre$aSecondary literature$leng
=600  14$aSalonen, Armas$d(1915-1981)$tItämaisia hallitsijoita ja kansanjohtajia.$1http://viaf.org/viaf/20587504
=650  \7$ahallitsijat$2yso/fin$0http://www.yso.fi/onto/yso/p3001
=650  \7$aitämaat$2yso/fin$0http://www.yso.fi/onto/yso/p3214
=650  \7$akirja-arvostelut$2yso/fin$0http://www.yso.fi/onto/yso/p3537
=650  \7$alitteraturrecensioner$2yso/swe$0http://www.yso.fi/onto/yso/p3537
=650  \7$aregenter$2yso/swe$0http://www.yso.fi/onto/yso/p3001
=650  \7$aösterlandet$2yso/swe$0http://www.yso.fi/onto/yso/p3214
=650  \7$aReview$2ELB-g
=773  0\$w(FI-MELINDA)000067777$7nnas$w(FI-Arto)1386612$tTeologinen aikakauskirja. -$x0040-3555 . -$dHelsinki : Teologinen julkaisuseura. -$g62 (1957) : 3, s. 160-162$q0003$sTeologinen aikakauskirja
=787  08$iArvosteltu teos:$tItämaisia hallitsijoita ja kansanjohtajia$aArmas Salonen.$dPorvoo, 1956
=960  \\$aARTO
=995  \\$aKansalliskirjasto$bHist$5ARTO

