=LDR  01311cab a22003134i 4500
=001  a012296038
=003  FI-MELINDA
=005  20191015201716.0
=008  951214s1960\\\\fi\|||||\||||||||||0fin||
=035  \\$a(FI-MELINDA)012296038
=041  0\$afin
=080  \\$a22
=084  \\$aHIS:4$2z
=100  1\$aLehtonen, Samuel.
=245  10$aKirja-arvostelu /$cSamuel Lehtonen.
=336  \\$ateksti$btxt$2rdacontent
=337  \\$akäytettävissä ilman laitetta$bn$2rdamedia
=380  \\$akirja-arvostelu
=380  \\$iMajor genre$aSecondary literature$leng
=600  14$aHaapa, Esko.$tQumran.
=650  \7$aDödahavsrullarna$2yso/swe$0http://www.yso.fi/onto/yso/p14723
=650  \7$aQumranin kirjoitukset$2yso/fin$0http://www.yso.fi/onto/yso/p14723
=650  \7$akirja-arvostelut$2yso/fin$0http://www.yso.fi/onto/yso/p3537
=650  \7$alitteraturrecensioner$2yso/swe$0http://www.yso.fi/onto/yso/p3537
=650  \7$aReview$2ELB-g
=773  0\$w(FI-MELINDA)000067777$7nnas$w(FI-Arto)1386612$tTeologinen aikakauskirja. -$x0040-3555. -$dHelsinki : Teologinen julkaisuseura. -$g65 (1960) : 5, s. 300-301$q0005$sTeologinen aikakauskirja
=787  08$iArvosteltu teos:$tQumran : Kuolleen meren löydöt 1950-luvun tutkimuksessa$aToim. Esko Haapa.$dPorvoo, 1960
=960  \\$aARTO
=995  \\$aKansalliskirjasto$bHist$5ARTO

