=LDR  01764cab a22003854i 4500
=001  a012296039
=003  FI-MELINDA
=005  20191015201718.0
=008  951214s1970\\\\fi\|||||\||||||||||0fin||
=035  \\$a(FI-MELINDA)012296039
=041  0\$afin
=080  \\$a931/939
=084  \\$aHIS:6$2z
=100  1\$aGyllenberg, Rafael$d(1893-1982)$1http://viaf.org/viaf/40434045
=245  10$aKirja-arvostelu /$cRafael Gyllenberg.
=336  \\$ateksti$btxt$2rdacontent
=337  \\$akäytettävissä ilman laitetta$bn$2rdamedia
=380  \\$akirja-arvostelu
=380  \\$iMajor genre$aSecondary literature$leng
=600  14$aSoisalon-Soininen, Ilmari.$tIsraelin kansan historia.
=650  \7$agamla tiden$2yso/swe$0http://www.yso.fi/onto/yso/p19859
=650  \7$ahistoria$2yso/fin$0http://www.yso.fi/onto/yso/p1780
=650  \7$ahistoria$2yso/swe$0http://www.yso.fi/onto/yso/p1780
=650  \7$ajudar$2yso/swe$0http://www.yso.fi/onto/yso/p8494
=650  \7$ajuutalaiset$2yso/fin$0http://www.yso.fi/onto/yso/p8494
=650  \7$akirja-arvostelut$2yso/fin$0http://www.yso.fi/onto/yso/p3537
=650  \7$alitteraturrecensioner$2yso/swe$0http://www.yso.fi/onto/yso/p3537
=650  \7$avanha aika$2yso/fin$0http://www.yso.fi/onto/yso/p19859
=650  \7$aReview$2ELB-g
=651  \7$aIsrael$2yso/fin$0http://www.yso.fi/onto/yso/p105162
=651  \7$aIsrael$2yso/swe$0http://www.yso.fi/onto/yso/p105162
=773  0\$w(FI-MELINDA)000067777$7nnas$w(FI-Arto)1386612$tTeologinen aikakauskirja. -$x0040-3555 . -$dHelsinki : Teologinen julkaisuseura. -$g75 (1970) : 4, s. 306-308$q0004$sTeologinen aikakauskirja
=787  08$iArvosteltu teos:$tIsraelin kansan historia$aIlmari Soisalon-Soininen.$dHelsinki, 1969
=960  \\$aARTO
=995  \\$aKansalliskirjasto$bHist$5ARTO

