=LDR  01524cab a22003254i 4500
=001  a012296043
=003  FI-MELINDA
=005  20191015201724.0
=008  951214s1897\\\\fi\|||||\||||||||||0fin||
=035  \\$a(FI-MELINDA)012296043
=041  0\$afin
=080  \\$a1
=084  \\$aHIS:1$2z
=245  00$aKirja-arvostelu :$bUudemman filosofian historia ... / Grotenfelt, Arvi /$cE. J.
=336  \\$ateksti$btxt$2rdacontent
=337  \\$akäytettävissä ilman laitetta$bn$2rdamedia
=380  \\$akirja-arvostelu
=380  \\$iMajor genre$aSecondary literature$leng
=600  14$aGrotenfelt, Arvi.$tUuden ajan filosofian historia.
=650  \7$afilosofi$2yso/swe$0http://www.yso.fi/onto/yso/p1056
=650  \7$afilosofia$2yso/fin$0http://www.yso.fi/onto/yso/p1056
=650  \7$ahistoria$2yso/fin$0http://www.yso.fi/onto/yso/p1780
=650  \7$ahistoria$2yso/swe$0http://www.yso.fi/onto/yso/p1780
=650  \7$akirja-arvostelut$2yso/fin$0http://www.yso.fi/onto/yso/p3537
=650  \7$alitteraturrecensioner$2yso/swe$0http://www.yso.fi/onto/yso/p3537
=650  \7$aReview$2ELB-g
=773  0\$w(FI-MELINDA)000067777$7nnas$w(FI-Arto)1386612$tTeologinen aikakauskirja. -$x0040-3555. -$dHelsinki : Teologinen julkaisuseura. -$g2 (1897) : 2, s. 108-110$q0002$sTeologinen aikakauskirja
=787  08$iArvosteltu teos:$tUudemman filosofian historia silmällä pitäen yleisen sivistyksen ja erityistieteiden kehitystä (n. 1450-1790). 1$aArvi Grotenfelt.$dKuopio, 1896-1899
=960  \\$aARTO
=995  \\$aKansalliskirjasto$bHist$5ARTO

