=LDR  01362cab a22003014i 4500
=001  a012296128
=003  FI-MELINDA
=005  20191015201901.0
=008  951215s1885\\\\fi\|||||\||||||||||0swe||
=035  \\$a(FI-MELINDA)012296128
=041  0\$aswe
=080  \\$a931/939
=084  \\$aHIS:4$2z
=100  1\$aGustafsson, F.
=245  10$aLiterära föredrag och literärt lif under romerska kejsartiden /$cF. Gustafsson.
=336  \\$ateksti$btxt$2rdacontent
=337  \\$akäytettävissä ilman laitetta$bn$2rdamedia
=650  \7$aantiikki$2yso/fin$0http://www.yso.fi/onto/yso/p3973
=650  \7$aantiken$2yso/swe$0http://www.yso.fi/onto/yso/p3973
=650  \7$akirjallisuus$2yso/fin$0http://www.yso.fi/onto/yso/p8113
=650  \7$akirjallisuuspiirit$2yso/fin$0http://www.yso.fi/onto/yso/p17413
=650  \7$alitteratur$2yso/swe$0http://www.yso.fi/onto/yso/p8113
=650  \7$alitteraturcirklar$2yso/swe$0http://www.yso.fi/onto/yso/p17413
=651  \7$aRomerska riket$2yso/swe$0http://www.yso.fi/onto/yso/p105081
=651  \7$aRooman valtakunta$2yso/fin$0http://www.yso.fi/onto/yso/p105081
=773  0\$w(FI-MELINDA)003580386$7nnas$w(FI-Arto)1386282$tFinsk tidskrift : kultur, ekonomi, politik. -$x0015-248X . -$dÅbo : Föreningen Granskaren. -$g19 (1885) : 2, s. 81-99$q0002$sFinsk tidskrift (Print)
=960  \\$aARTO
=995  \\$aKansalliskirjasto$bHist$5ARTO

