=LDR  01864cab a22004214i 4500
=001  a012296142
=003  FI-MELINDA
=005  20190704132452.0
=008  951215s1995\\\\fi\|||||\||||\|||||0fin|c
=035  \\$a(FI-MELINDA)012296142
=040  \\$aFI-BTJ
=041  0\$afin
=084  \\$a77.1$2ykl
=245  00$aPohjalaiset - Nyt.
=246  3\$aPohjalaiset.$gohjaus Vesa Tapio Valo
=336  \\$ateksti$btxt$2rdacontent
=337  \\$akäytettävissä ilman laitetta$bn$2rdamedia
=380  \\$ateatteriarvostelu
=380  \\$iMajor genre$aSecondary literature$leng
=600  14$aJärviluoma, Artturi$d(1879-1942)$1http://viaf.org/viaf/79513297
=600  14$aValo, Vesa Tapio$1http://viaf.org/viaf/51257063
=600  14$aValo, Vesa Tapio$tPohjalaisia$xohjaus.$1http://viaf.org/viaf/51257063
=610  24$aHelsingin Kaupunginteatteri.
=630  04$aPohjalaiset.
=650  \7$anäytelmät$2yso/fin$0http://www.yso.fi/onto/yso/p5000
=650  \7$askådespel$2yso/swe$0http://www.yso.fi/onto/yso/p5000
=650  \7$ateaterrecensioner$2yso/swe$0http://www.yso.fi/onto/yso/p14741
=650  \7$ateatteriarvostelut$2yso/fin$0http://www.yso.fi/onto/yso/p14741
=650  \7$aReview$2ELB-g
=653  \0$aHelsingin Kaupunginteatteri
=773  0\$w(FI-MELINDA)006438393$7nnas$w(FI-Arto)1388995$tTeatteri. -$x0492-4401. -$dHelsinki : Kustannus oy Teatteri. -$g50 (1995) : 7, s. 65-66$q0007$sTeatteri (Helsinki. 1945)
=773  0\$w(FI-MELINDA)006438393$7nnas$w(FI-Arto)1388995$tTeatteri. -$x0492-4401. -$g50(1995) : 7, s.65-66$sTeatteri (Helsinki. 1945)
=787  08$iArvosteltu teos:$tPohjalaiset /$aohjaus Vesa Tapio Valo.
=787  08$iArvosteltu teos:$tPohjalaisia$aArtturi Järviluoma
=884  \\$aAleksi(FINMARC)-Arto(MARC 21)-konversio$g20180221$qFI-ARTO$5ARTO
=960  \\$aARTO
=960  \\$aAleksi$5ARTO
=995  \\$aKansalliskirjasto$bAleksi$5ARTO$bTeat

