=LDR  03138cab a22006134i 4500
=001  a012296229
=003  FI-MELINDA
=005  20190704132500.0
=008  951215s1995\\\\fi\|||||\||||\|||||0fin|c
=035  \\$a(FI-MELINDA)012296229
=040  \\$aFI-BTJ
=041  0\$afin
=080  \\$a659
=084  \\$a07.2$2ykl
=084  \\$a30.12$2ykl
=100  1\$aNäränen, Pertti$1http://viaf.org/viaf/68463950
=245  10$aVastaanottotutkimusta intuition voimalla.
=246  3\$aTelevisio lasten elämässä
=336  \\$ateksti$btxt$2rdacontent
=337  \\$akäytettävissä ilman laitetta$bn$2rdamedia
=380  \\$akirja-arvostelu
=380  \\$iMajor genre$aSecondary literature$leng
=600  14$aSuoninen, Annikka.$tTelevisio lasten elämässä.
=600  14$aVirta, Teija.$tSaippuaooppera ja suomalaiset naiset.
=600  14$aVirta, Teija.$tSaippuaoopperat ja suomalaiset naiset.
=650  \7$abarnprogram$2yso/swe$0http://www.yso.fi/onto/yso/p7780
=650  \7$akatselutottumukset$2yso/fin$0http://www.yso.fi/onto/yso/p4282
=650  \7$akirja-arvostelut$2yso/fin$0http://www.yso.fi/onto/yso/p3537
=650  \7$akvinnor$2yso/swe$0http://www.yso.fi/onto/yso/p16991
=650  \7$alastenohjelmat$2yso/fin$0http://www.yso.fi/onto/yso/p7780
=650  \7$alitteraturrecensioner$2yso/swe$0http://www.yso.fi/onto/yso/p3537
=650  \7$anaiset$2yso/fin$0http://www.yso.fi/onto/yso/p16991
=650  \7$aprogramserier$2yso/swe$0http://www.yso.fi/onto/yso/p387
=650  \7$asaippuaoopperat$2yso/fin$0http://www.yso.fi/onto/yso/p388
=650  \7$asarjaohjelmat$2yso/fin$0http://www.yso.fi/onto/yso/p387
=650  \7$atelevisio (joukkoviestimet)$2yso/fin$0http://www.yso.fi/onto/yso/p5759
=650  \7$atelevisio-ohjelmat$2yso/fin$0http://www.yso.fi/onto/yso/p204
=650  \7$atelevision (massmedier)$2yso/swe$0http://www.yso.fi/onto/yso/p5759
=650  \7$atittarvanor$2yso/swe$0http://www.yso.fi/onto/yso/p4282
=650  \7$atv-program$2yso/swe$0http://www.yso.fi/onto/yso/p204
=650  \7$atvåloperor$2yso/swe$0http://www.yso.fi/onto/yso/p388
=650  \7$aunderhållningsprogram$2yso/swe$0http://www.yso.fi/onto/yso/p8403
=650  \7$aviihdeohjelmat$2yso/fin$0http://www.yso.fi/onto/yso/p8403
=650  \7$aReview$2ELB-g
=773  0\$w(FI-MELINDA)006152641$7nnas$w(FI-Arto)1386487$tTiedotustutkimus. -$x0357-8070. -$dHelsinki : Tiedotusopillinen yhdistys. -$g18 (1995) : 3, s. 101-102$q0003$sTiedotustutkimus
=773  0\$w(FI-MELINDA)006152641$7nnas$w(FI-Arto)1386487$tTiedotustutkimus. -$x0357-8070. -$g18(1995) : 3, s.101-102$sTiedotustutkimus
=787  08$iArvosteltu teos:$tSaippuaooppera ja suomalaiset naiset$aTeija Virta.$dJyväskylä, 1994
=787  08$iArvosteltu teos:$tSaippuaoopperat ja suomalaiset naiset /$aTeija Virta.
=787  08$iArvosteltu teos:$tTelevisio lasten elämässä /$aAnnikka Suoninen.
=787  08$iArvosteltu teos:$tTelevisio lasten elämässä$aAnnikka Suoninen.$dJyväskylä, 1993
=884  \\$aAleksi(FINMARC)-Arto(MARC 21)-konversio$g20180221$qFI-ARTO$5ARTO
=960  \\$aARTO
=960  \\$aAleksi$5ARTO
=995  \\$aKansalliskirjasto$bAleksi$5ARTO$bViest

