=LDR  01136cab a22002894i 4500
=001  a012296234
=003  FI-MELINDA
=005  20190704132501.0
=008  951215s1995\\\\fi\|||||\||||||||||0fin||
=035  \\$a(FI-MELINDA)012296234
=041  0\$afin
=080  \\$a659
=100  1\$aHujanen, Taisto.
=245  10$aMistä kaikki alkoi - vastaanottotukimuksen kaanon?.
=336  \\$ateksti$btxt$2rdacontent
=337  \\$akäytettävissä ilman laitetta$bn$2rdamedia
=380  \\$akirja-arvostelu
=380  \\$iMajor genre$aSecondary literature$leng
=600  14$aMoores, Shaun.$tInterpreting Audiences.
=650  \4$atelevisio
=650  \7$akirja-arvostelut$2yso/fin$0http://www.yso.fi/onto/yso/p3537
=650  \7$alitteraturrecensioner$2yso/swe$0http://www.yso.fi/onto/yso/p3537
=650  \7$aReview$2ELB-g
=773  0\$w(FI-MELINDA)006152641$7nnas$w(FI-Arto)1386487$tTiedotustutkimus. -$x0357-8070. -$dHelsinki : Tiedotusopillinen yhdistys. -$g18 (1995) : 3, s. 103-104$q0003$sTiedotustutkimus
=787  08$iArvosteltu teos:$tInterpreting audiences$aMoores, Shaun.$dLondon, 1993
=960  \\$aARTO
=995  \\$aKansalliskirjasto$bViest$5ARTO

