=LDR  01277cab a22003014i 4500
=001  a012296237
=003  FI-MELINDA
=005  20191015202117.0
=008  951215s1995\\\\fi\|||||\||||||||||0fin||
=035  \\$a(FI-MELINDA)012296237
=041  0\$afin
=080  \\$a659
=100  1\$aKunelius, Risto.
=245  10$aAlussa oli Charles Sanders Peirce.
=336  \\$ateksti$btxt$2rdacontent
=337  \\$akäytettävissä ilman laitetta$bn$2rdamedia
=380  \\$akirja-arvostelu
=380  \\$iMajor genre$aSecondary literature$leng
=600  14$aJensen, Klaus Bruhn.$tThe Social Semiotics of Mass Communication.
=650  \7$akirja-arvostelut$2yso/fin$0http://www.yso.fi/onto/yso/p3537
=650  \7$akommunikation$2yso/swe$0http://www.yso.fi/onto/yso/p36
=650  \7$alitteraturrecensioner$2yso/swe$0http://www.yso.fi/onto/yso/p3537
=650  \7$aviestintä$2yso/fin$0http://www.yso.fi/onto/yso/p36
=650  \7$aReview$2ELB-g
=773  0\$w(FI-MELINDA)006152641$7nnas$w(FI-Arto)1386487$tTiedotustutkimus. -$x0357-8070. -$dHelsinki : Tiedotusopillinen yhdistys. -$g18 (1995) : 3, s. 104-106$q0003$sTiedotustutkimus
=787  08$iArvosteltu teos:$tThe social semiotics of mass communication$aJensen, Klaus Bruhn.$dLondon
=960  \\$aARTO
=995  \\$aKansalliskirjasto$bViest$5ARTO

