=LDR  02382cab a22004934i 4500
=001  a012296239
=003  FI-MELINDA
=005  20190704132502.0
=008  951215s1995\\\\fi\|||||\||||\|||||0fin|c
=035  \\$a(FI-MELINDA)012296239
=040  \\$aFI-BTJ
=041  0\$afin
=080  \\$a659
=084  \\$a77.4$2ykl
=100  1\$aValaskivi, Katja.
=245  10$aElokuvateorian aakkoset.
=246  3\$aTunteesta teesiin : johdatusta klassiseen ja uuteen elokuvateoriaan
=336  \\$ateksti$btxt$2rdacontent
=337  \\$akäytettävissä ilman laitetta$bn$2rdamedia
=380  \\$akirja-arvostelu
=380  \\$iMajor genre$aSecondary literature$leng
=600  14$aHietala, Veijo.$tTunteesta teesiin : johdatusta klassiseen ja uuteen elokuvateoriaan.
=600  14$aHietala, Veijo.$tTunteesta teesiin.
=650  \7$aelokuvataide$2yso/fin$0http://www.yso.fi/onto/yso/p16327
=650  \7$afilmkonst$2yso/swe$0http://www.yso.fi/onto/yso/p16327
=650  \7$aforskning$2yso/swe$0http://www.yso.fi/onto/yso/p183
=650  \7$ahistoria$2yso/fin$0http://www.yso.fi/onto/yso/p1780
=650  \7$ahistoria$2yso/swe$0http://www.yso.fi/onto/yso/p1780
=650  \7$akirja-arvostelut$2yso/fin$0http://www.yso.fi/onto/yso/p3537
=650  \7$akonstteorier$2yso/swe$0http://www.yso.fi/onto/yso/p18218
=650  \7$alitteraturrecensioner$2yso/swe$0http://www.yso.fi/onto/yso/p3537
=650  \7$ataideteoriat$2yso/fin$0http://www.yso.fi/onto/yso/p18218
=650  \7$ateoriat$2yso/fin$0http://www.yso.fi/onto/yso/p127
=650  \7$ateorier$2yso/swe$0http://www.yso.fi/onto/yso/p127
=650  \7$atutkimus$2yso/fin$0http://www.yso.fi/onto/yso/p183
=650  \7$aReview$2ELB-g
=773  0\$w(FI-MELINDA)006152641$7nnas$w(FI-Arto)1386487$tTiedotustutkimus. -$x0357-8070. -$dHelsinki : Tiedotusopillinen yhdistys. -$g18 (1995) : 3, s. 107-108$q0003$sTiedotustutkimus
=773  0\$w(FI-MELINDA)006152641$7nnas$w(FI-Arto)1386487$tTiedotustutkimus. -$x0357-8070. -$g18(1995) : 3, s.107-108$sTiedotustutkimus
=787  08$iArvosteltu teos:$tTunteesta teesiin : johdatusta klassiseen ja uuteen elokuvateoriaan /$aVeijo Hietala.
=787  08$iArvosteltu teos:$tTunteesta teesiin$aHietala, Veijo.$dHelsinki, 1994
=884  \\$aAleksi(FINMARC)-Arto(MARC 21)-konversio$g20180221$qFI-ARTO$5ARTO
=960  \\$aARTO
=960  \\$aAleksi$5ARTO
=995  \\$aKansalliskirjasto$bAleksi$5ARTO$bViest

