=LDR  03077cab a22005894i 4500
=001  a012296241
=003  FI-MELINDA
=005  20190704132502.0
=008  951215s1995\\\\fi\|||||\||||\|||||0fin|c
=035  \\$a(FI-MELINDA)012296241
=040  \\$aFI-BTJ
=041  0\$afin
=080  \\$a659
=084  \\$a07$2ykl
=100  1\$aKuutti, Heikki$1http://viaf.org/viaf/16562997
=245  10$aRönsyilevä paketti journalismin tutkimusta.
=246  3\$aTieto-opista mediapeliin : journalismin tutkimuksen näkökulmia.$gElina Sana (toim.)
=336  \\$ateksti$btxt$2rdacontent
=337  \\$akäytettävissä ilman laitetta$bn$2rdamedia
=380  \\$akirja-arvostelu
=380  \\$iMajor genre$aSecondary literature$leng
=600  14$aSana, Elina.$tTieto-opista mediapeliin : journalismin tutkimuksen näkökulmia.
=600  14$aSana, Elina.$tTieto-opista mediapeliin.
=650  \7$aforskning$2yso/swe$0http://www.yso.fi/onto/yso/p183
=650  \7$ajoukkoviestimet$2yso/fin$0http://www.yso.fi/onto/yso/p856
=650  \7$ajoukkoviestintä$2yso/fin$0http://www.yso.fi/onto/yso/p10539
=650  \7$ajournalismi$2yso/fin$0http://www.yso.fi/onto/yso/p1161
=650  \7$ajournalistik$2yso/swe$0http://www.yso.fi/onto/yso/p1161
=650  \7$akirja-arvostelut$2yso/fin$0http://www.yso.fi/onto/yso/p3537
=650  \7$akommunikationslära$2yso/swe$0http://www.yso.fi/onto/yso/p18756
=650  \7$akommunikationspolitik$2yso/swe$0http://www.yso.fi/onto/yso/p3876
=650  \7$alitteraturrecensioner$2yso/swe$0http://www.yso.fi/onto/yso/p3537
=650  \7$amasskommunikation$2yso/swe$0http://www.yso.fi/onto/yso/p10539
=650  \7$amassmedier$2yso/swe$0http://www.yso.fi/onto/yso/p856
=650  \7$areception (mottagande)$2yso/swe$0http://www.yso.fi/onto/yso/p24663
=650  \7$areseptio$2yso/fin$0http://www.yso.fi/onto/yso/p24663
=650  \7$asemiotiikka$2yso/fin$0http://www.yso.fi/onto/yso/p3603
=650  \7$asemiotik$2yso/swe$0http://www.yso.fi/onto/yso/p3603
=650  \7$atiedotusoppi$2yso/fin$0http://www.yso.fi/onto/yso/p18756
=650  \7$atodellisuus$2yso/fin$0http://www.yso.fi/onto/yso/p5016
=650  \7$atutkimus$2yso/fin$0http://www.yso.fi/onto/yso/p183
=650  \7$averklighet$2yso/swe$0http://www.yso.fi/onto/yso/p5016
=650  \7$aviestintäpolitiikka$2yso/fin$0http://www.yso.fi/onto/yso/p3876
=650  \7$aReview$2ELB-g
=773  0\$w(FI-MELINDA)006152641$7nnas$w(FI-Arto)1386487$tTiedotustutkimus. -$x0357-8070. -$dHelsinki : Tiedotusopillinen yhdistys. -$g18 (1995) : 3, s. 108$q0003$sTiedotustutkimus
=773  0\$w(FI-MELINDA)006152641$7nnas$w(FI-Arto)1386487$tTiedotustutkimus. -$x0357-8070. -$g18(1995) : 3, s.108$sTiedotustutkimus
=787  08$iArvosteltu teos:$tTieto-opista mediapeliin : journalismin tutkimuksen näkökulmia /$aElina Sana (toim.).
=787  08$iArvosteltu teos:$tTieto-opista mediapeliin$aSana, Elina (toim.).$dJuva, 1995
=884  \\$aAleksi(FINMARC)-Arto(MARC 21)-konversio$g20180221$qFI-ARTO$5ARTO
=960  \\$aARTO
=960  \\$aAleksi$5ARTO
=995  \\$aKansalliskirjasto$bAleksi$5ARTO$bViest

