=LDR  02587cab a22005294i 4500
=001  a012296248
=003  FI-MELINDA
=005  20190704132503.0
=008  951215s1995\\\\fi\|||||\||||\|||||0fin|c
=035  \\$a(FI-MELINDA)012296248
=040  \\$aFI-BTJ
=041  0\$afin
=080  \\$a659
=084  \\$a07$2ykl
=084  \\$a30.12$2ykl
=100  1\$aRidell, Seija$1http://viaf.org/viaf/160371490
=245  10$aKulttuuriselle yleisötutkimukselle kaikki on poliittista.
=246  3\$aViewing, reading, listening : audiences and cultural reception
=336  \\$ateksti$btxt$2rdacontent
=337  \\$akäytettävissä ilman laitetta$bn$2rdamedia
=380  \\$akirja-arvostelu
=380  \\$iMajor genre$aSecondary literature$leng
=500  \\$aJon Cruz & Justin Lewis (eds.).
=600  14$aCruz, Jon.
=600  14$aLewis, Justin.
=630  04$aViewing, reading, listening : audiences and cultural reception.
=650  \7$aforskning$2yso/swe$0http://www.yso.fi/onto/yso/p183
=650  \7$ajoukkoviestintä$2yso/fin$0http://www.yso.fi/onto/yso/p10539
=650  \7$akirja-arvostelut$2yso/fin$0http://www.yso.fi/onto/yso/p3537
=650  \7$akommunikation$2yso/swe$0http://www.yso.fi/onto/yso/p36
=650  \7$akulttuurintutkimus$2yso/fin$0http://www.yso.fi/onto/yso/p7493
=650  \7$akulturforskning$2yso/swe$0http://www.yso.fi/onto/yso/p7493
=650  \7$alitteraturrecensioner$2yso/swe$0http://www.yso.fi/onto/yso/p3537
=650  \7$amasskommunikation$2yso/swe$0http://www.yso.fi/onto/yso/p10539
=650  \7$areception (mottagande)$2yso/swe$0http://www.yso.fi/onto/yso/p24663
=650  \7$areseptio$2yso/fin$0http://www.yso.fi/onto/yso/p24663
=650  \7$atutkimus$2yso/fin$0http://www.yso.fi/onto/yso/p183
=650  \7$aviestintä$2yso/fin$0http://www.yso.fi/onto/yso/p36
=650  \7$aReview$2ELB-g
=773  0\$w(FI-MELINDA)006152641$7nnas$w(FI-Arto)1386487$tTiedotustutkimus. -$x0357-8070. -$dHelsinki : Tiedotusopillinen yhdistys. -$g18 (1995) : 3, s. 98-101$q0003$sTiedotustutkimus
=773  0\$w(FI-MELINDA)006152641$7nnas$w(FI-Arto)1386487$tTiedotustutkimus. -$x0357-8070. -$g18(1995) : 3, s.98-101$sTiedotustutkimus
=787  08$iArvosteltu teos:$tViewing, reading, listening : audiences and cultural reception /$aJon Cruz.
=787  08$iArvosteltu teos:$tViewing, reading, listening : audiences and cultural reception$aCruz, Jon & Lewis, Justin (ed.).$dBoulder, 1994
=884  \\$aAleksi(FINMARC)-Arto(MARC 21)-konversio$g20180221$qFI-ARTO$5ARTO
=960  \\$aARTO
=960  \\$aAleksi$5ARTO
=995  \\$aKansalliskirjasto$bAleksi$5ARTO$bViest

