=LDR  01775cab a22004334i 4500
=001  a012296269
=003  FI-MELINDA
=005  20190704132507.0
=008  951215s1995\\\\fi\|||||\||||\|||||0fin|c
=035  \\$a(FI-MELINDA)012296269
=040  \\$aFI-BTJ
=041  0\$afin
=084  \\$a77.1$2ykl
=100  1\$aRenvall, Yrjö Juhani.
=245  10$aEnnen ja jälkeen unettomuuden.
=246  3\$aUnettomuus.$gohjaus Otso Kautto
=336  \\$ateksti$btxt$2rdacontent
=337  \\$akäytettävissä ilman laitetta$bn$2rdamedia
=380  \\$ateatteriarvostelu
=380  \\$iMajor genre$aSecondary literature$leng
=600  14$aBaran, Michael.
=600  14$aBaran, Michael.$tUnettomuus.
=600  14$aKautto, Otso.
=600  14$aKautto, Otso.$tUnettomuus$xohjaus.
=610  24$aSuomen Kansallisteatteri.
=630  04$aUnettomuus.
=650  \7$anäytelmät$2yso/fin$0http://www.yso.fi/onto/yso/p5000
=650  \7$askådespel$2yso/swe$0http://www.yso.fi/onto/yso/p5000
=650  \7$ateaterrecensioner$2yso/swe$0http://www.yso.fi/onto/yso/p14741
=650  \7$ateatteriarvostelut$2yso/fin$0http://www.yso.fi/onto/yso/p14741
=650  \7$aReview$2ELB-g
=773  0\$w(FI-MELINDA)006438393$7nnas$w(FI-Arto)1388995$tTeatteri. -$x0492-4401. -$dHelsinki : Kustannus oy Teatteri. -$g50 (1995) : 7, s. 69$q0007$sTeatteri (Helsinki. 1945)
=773  0\$w(FI-MELINDA)006438393$7nnas$w(FI-Arto)1388995$tTeatteri. -$x0492-4401. -$g50(1995) : 7, s.69-70$sTeatteri (Helsinki. 1945)
=787  08$iArvosteltu teos:$tUnettomuus /$aohjaus Otso Kautto.
=787  08$iArvosteltu teos:$tUnettomuus$aMichael Baran
=884  \\$aAleksi(FINMARC)-Arto(MARC 21)-konversio$g20180221$qFI-ARTO$5ARTO
=960  \\$aARTO
=960  \\$aAleksi$5ARTO
=995  \\$aKansalliskirjasto$bAleksi$5ARTO$bTeat

