=LDR  02822cab a22005414i 4500
=001  a012296281
=003  FI-MELINDA
=005  20191015202204.0
=008  951215s1995\\\\fi\|||||\||||||||||0fin||
=035  \\$a(FI-MELINDA)012296281
=041  0\$afin
=080  \\$a65.016
=080  \\$a65.017
=080  \\$a658.11
=100  1\$aKaskinen, Hannu.
=245  10$aUusyrityskeskuksen liikeidea tutkittu.
=336  \\$ateksti$btxt$2rdacontent
=337  \\$akäytettävissä ilman laitetta$bn$2rdamedia
=380  \\$akirja-arvostelu
=380  \\$iMajor genre$aSecondary literature$leng
=600  14$aAho, Simo$tUusi, kestävä yrittäjyys.$1http://viaf.org/viaf/279149196260274790453
=600  14$aAho, Simo$tYrittäjyyden rakennemuutos ja kasvualat.$1http://viaf.org/viaf/279149196260274790453
=600  14$aKivimäki, Riikka$tUusi, kestävä yrittäjyys?.$1http://viaf.org/viaf/41013036
=600  14$aKoski, Pasi.$tUusi, kestävä yrittäjyys?.
=600  14$aKoski, Pasi.$tYrittäjyyden rakennemuutos ja kasvualat.
=650  \7$aentreprenörskap$2yso/swe$0http://www.yso.fi/onto/yso/p1182
=650  \7$aföretag$2yso/swe$0http://www.yso.fi/onto/yso/p3128
=650  \7$aföretagsrådgivning$2yso/swe$0http://www.yso.fi/onto/yso/p20483
=650  \7$aföretagsverksamhet$2yso/swe$0http://www.yso.fi/onto/yso/p1181
=650  \7$agrundande$2yso/swe$0http://www.yso.fi/onto/yso/p11600
=650  \7$akirja-arvostelut$2yso/fin$0http://www.yso.fi/onto/yso/p3537
=650  \7$alitteraturrecensioner$2yso/swe$0http://www.yso.fi/onto/yso/p3537
=650  \7$aperustaminen$2yso/fin$0http://www.yso.fi/onto/yso/p11600
=650  \7$arakennemuutos$2yso/fin$0http://www.yso.fi/onto/yso/p7301
=650  \7$astrukturomvandling$2yso/swe$0http://www.yso.fi/onto/yso/p7301
=650  \7$asysselsättning (tillstånd)$2yso/swe$0http://www.yso.fi/onto/yso/p6357
=650  \7$atyöllisyys$2yso/fin$0http://www.yso.fi/onto/yso/p6357
=650  \7$ayrittäjyys$2yso/fin$0http://www.yso.fi/onto/yso/p1182
=650  \7$ayritykset$2yso/fin$0http://www.yso.fi/onto/yso/p3128
=650  \7$ayritysneuvonta$2yso/fin$0http://www.yso.fi/onto/yso/p20483
=650  \7$ayritystoiminta$2yso/fin$0http://www.yso.fi/onto/yso/p1181
=650  \7$aReview$2ELB-g
=773  0\$w(FI-MELINDA)000590327$7nnas$w(FI-Arto)1386652$tTyöelämä : työpoliittinen lehti. -$x0782-632X. -$d[Helsinki] : Työministeriö. -$g1995 : 8, s. 15$q0008$sTyöelämä
=787  08$iArvosteltu teos:$tUusi, kestävä yrittäjyys? : tutkimus yrittäjäksi ryhtymisestä ja uusyrityskeskusten toiminnasta$aSimo Aho, Riikka Kivimäki ja Pasi Koski.$dHelsinki, 1995
=787  08$iArvosteltu teos:$tYrittäjyyden rakennemuutos ja kasvualat$aSimo Aho ja Pasi Koski.$dHelsinki, 1995
=850  \\$aFI-Jo$5ARTO
=960  \\$aARTO
=995  \\$aKansalliskirjasto$bYhte$5ARTO

