=LDR  01785cab a22004334i 4500
=001  a012296289
=003  FI-MELINDA
=005  20190704132510.0
=008  951215s1995\\\\fi\|||||\||||\|||||0fin|c
=035  \\$a(FI-MELINDA)012296289
=040  \\$aFI-BTJ
=041  0\$afin
=084  \\$a77.1$2ykl
=100  1\$aKorhonen, Kuisma.
=245  10$aPieni suuri Gynt.
=246  3\$aPeer Gynt.$gohjaus Atro Kahiluoto
=336  \\$ateksti$btxt$2rdacontent
=337  \\$akäytettävissä ilman laitetta$bn$2rdamedia
=380  \\$ateatteriarvostelu
=380  \\$iMajor genre$aSecondary literature$leng
=600  14$aIbsen, Henrik$d(1828-1906)$1http://viaf.org/viaf/71378383
=600  14$aKahiluoto, Atro.
=600  14$aKahiluoto, Atro.$tPeer Gynt$xohjaus.
=610  24$aTeatteri Jurkka.
=630  04$aPeer Gynt.
=650  \7$anäytelmät$2yso/fin$0http://www.yso.fi/onto/yso/p5000
=650  \7$askådespel$2yso/swe$0http://www.yso.fi/onto/yso/p5000
=650  \7$ateaterrecensioner$2yso/swe$0http://www.yso.fi/onto/yso/p14741
=650  \7$ateatteriarvostelut$2yso/fin$0http://www.yso.fi/onto/yso/p14741
=650  \7$aReview$2ELB-g
=653  \0$aTeatteri Jurkka
=773  0\$w(FI-MELINDA)006438393$7nnas$w(FI-Arto)1388995$tTeatteri. -$x0492-4401. -$dHelsinki : Kustannus oy Teatteri. -$g50 (1995) : 7, s. 72-73$q0007$sTeatteri (Helsinki. 1945)
=773  0\$w(FI-MELINDA)006438393$7nnas$w(FI-Arto)1388995$tTeatteri. -$x0492-4401. -$g50(1995) : 7, s.72-73$sTeatteri (Helsinki. 1945)
=787  08$iArvosteltu teos:$tPeer Gynt /$aohjaus Atro Kahiluoto.
=787  08$iArvosteltu teos:$tPeer Gynt$aHenrik Ibsen
=884  \\$aAleksi(FINMARC)-Arto(MARC 21)-konversio$g20180221$qFI-ARTO$5ARTO
=960  \\$aARTO
=960  \\$aAleksi$5ARTO
=995  \\$aKansalliskirjasto$bAleksi$5ARTO$bTeat

