=LDR  01485cab a22003494i 4500
=001  a012296298
=003  FI-MELINDA
=005  20190704132511.0
=008  951215s1995\\\\fi\|||||\||||\|||||0fin|c
=035  \\$a(FI-MELINDA)012296298
=040  \\$aFI-BTJ
=041  0\$afin
=084  \\$a87$2ykl
=084  \\$a88$2ykl
=084  \\$a89$2ykl
=100  1\$aKarvonen, Pirjo.
=245  10$aKieli kertoo maailmankuvastamme.
=336  \\$ateksti$btxt$2rdacontent
=337  \\$akäytettävissä ilman laitetta$bn$2rdamedia
=650  \7$abildspråk$2yso/swe$0http://www.yso.fi/onto/yso/p4677
=650  \7$akielenkäyttö$2yso/fin$0http://www.yso.fi/onto/yso/p11302
=650  \7$akielikuvat$2yso/fin$0http://www.yso.fi/onto/yso/p4677
=650  \7$amaailmankuva$2yso/fin$0http://www.yso.fi/onto/yso/p219
=650  \7$aspråkbruk$2yso/swe$0http://www.yso.fi/onto/yso/p11302
=650  \7$avärldsbild$2yso/swe$0http://www.yso.fi/onto/yso/p219
=650  \7$aSpeech$2ELB-g
=773  0\$w(FI-MELINDA)003204112$7nnas$w(FI-Arto)22323$tSocius : sosiaali- ja terveyspoliittinen aikakauslehti. -$x1238-0814. -$dHelsinki : Sosiaali- ja terveysministeriö. -$g1 (1995) : 8, s. 29-30$q0008$sSocius (Helsinki)
=773  0\$w(FI-MELINDA)003204112$7nnas$w(FI-Arto)22323$tSocius. -$x1238-0814. -$g1995 : 8, s.29-30$sSocius (Helsinki)
=884  \\$aAleksi(FINMARC)-Arto(MARC 21)-konversio$g20180221$qFI-ARTO$5ARTO
=960  \\$aARTO
=960  \\$aAleksi$5ARTO
=995  \\$aKansalliskirjasto$bAleksi$5ARTO$bSosio

