=LDR  01879cab a22004214i 4500
=001  a012296388
=003  FI-MELINDA
=005  20190704132518.0
=008  951218s1995\\\\fi\|||||\||||\|||||0fin|c
=035  \\$a(FI-MELINDA)012296388
=040  \\$aFI-BTJ
=041  0\$afin
=080  \\$a141.333
=080  \\$a792.2
=080  \\$a929 Levene
=084  \\$a21$2ykl
=084  \\$a77.1$2ykl
=100  1\$aHabekost, Margareta.
=245  10$aMarke Levene : mysteeridraamojen inspiraattori /$cMargareta Habekost, Pertti Rissanen.
=336  \\$ateksti$btxt$2rdacontent
=337  \\$akäytettävissä ilman laitetta$bn$2rdamedia
=500  \\$aPortal Productions -taiteilijaryhmän organisaattorin haastattelu.
=600  14$aLevene, Marke.
=650  \7$aantroposofi$2yso/swe$0http://www.yso.fi/onto/yso/p1898
=650  \7$aantroposofia$2yso/fin$0http://www.yso.fi/onto/yso/p1898
=650  \7$akirkkonäytelmät$2yso/fin$0http://www.yso.fi/onto/yso/p18943
=650  \7$akyrkospel$2yso/swe$0http://www.yso.fi/onto/yso/p18943
=650  \7$areligiösa skådespel$2yso/swe$0http://www.yso.fi/onto/yso/p7288
=650  \7$ateatergrupper$2yso/swe$0http://www.yso.fi/onto/yso/p8966
=650  \7$ateatteriryhmät$2yso/fin$0http://www.yso.fi/onto/yso/p8966
=650  \7$auskonnolliset näytelmät$2yso/fin$0http://www.yso.fi/onto/yso/p7288
=700  1\$aRissanen, Pertti.
=773  0\$w(FI-MELINDA)000828754$7nnas$w(FI-Arto)56745$tTakoja : antroposofinen kulttuurilehti. -$x1239-3142. -$dHelsinki : Suomen antroposofinen liitto ry.. -$g23 (1995) : 1, s. 18-19$q0001$sTakoja (Helsinki)
=773  0\$w(FI-MELINDA)000828754$7nnas$w(FI-Arto)56745$tTakoja. -$x1239-3142. -$g23(1995) : 1, s.18-19$sTakoja (Helsinki)
=884  \\$aAleksi(FINMARC)-Arto(MARC 21)-konversio$g20180221$qFI-ARTO$5ARTO
=960  \\$aARTO
=960  \\$aAleksi$5ARTO
=995  \\$aKansalliskirjasto$bAleksi$5ARTO$bReli

