=LDR  01381cab a22003014i 4500
=001  a012296407
=003  FI-MELINDA
=005  20191015202447.0
=008  951218s1995\\\\fi\|||||\||||||||||0fin||
=035  \\$a(FI-MELINDA)012296407
=041  0\$afin
=100  1\$aEräsaari, Risto.
=245  10$aJapanilainen hyvinvointiyhteiskunta.
=336  \\$ateksti$btxt$2rdacontent
=337  \\$akäytettävissä ilman laitetta$bn$2rdamedia
=380  \\$akirja-arvostelu
=380  \\$iMajor genre$aSecondary literature$leng
=490  0\$aKirjallisuuskatsauksia
=600  14$aTakashi, Mutsuko.$tJapanese welfare society.
=650  \7$akirja-arvostelut$2yso/fin$0http://www.yso.fi/onto/yso/p3537
=650  \7$alitteraturrecensioner$2yso/swe$0http://www.yso.fi/onto/yso/p3537
=650  \7$aReview$2ELB-g
=651  \7$aJapan$2yso/swe$0http://www.yso.fi/onto/yso/p105023
=651  \7$aJapani$2yso/fin$0http://www.yso.fi/onto/yso/p105023
=773  0\$w(FI-MELINDA)000586820$7nnas$w(FI-Arto)1385391$tJanus : sosiaalipolitiikan ja sosiaalityön tutkimuksen aikakauslehti. -$x1235-7812. -$dJyväskylä : Sosiaalipoliittinen yhdistys. -$g3 (1995) : 4, s. 458-459$q0004$sJanus (Helsinki. Painettu)
=787  08$iArvosteltu teos:$tJapanese welfare society : analyzing the japanese welfare discourses$aMutsuko Takahashi.$dVammala, 1995
=960  \\$aARTO
=995  \\$aKansalliskirjasto$bHYjulki$bSosio$5ARTO

