=LDR  01372cab a22002894i 4500
=001  a012296425
=003  FI-MELINDA
=005  20191015202510.0
=008  951218s1995\\\\fi\|||||\||||||||||0fin||
=035  \\$a(FI-MELINDA)012296425
=041  0\$afin
=100  1\$aRautio, Pertti$1http://viaf.org/viaf/18520396
=245  10$aRyhmäilmiöitä ihmettelemässä.
=336  \\$ateksti$btxt$2rdacontent
=337  \\$akäytettävissä ilman laitetta$bn$2rdamedia
=380  \\$akirja-arvostelu
=380  \\$iMajor genre$aSecondary literature$leng
=490  0\$aKirjallisuuskatsauksia
=600  14$aEskola, Marjatta$tRyhmäilmiö.$1http://viaf.org/viaf/30826902
=600  14$aJauhiainen, Riitta.$tRyhmäilmiö.
=650  \7$akirja-arvostelut$2yso/fin$0http://www.yso.fi/onto/yso/p3537
=650  \7$alitteraturrecensioner$2yso/swe$0http://www.yso.fi/onto/yso/p3537
=650  \7$aReview$2ELB-g
=773  0\$w(FI-MELINDA)000586820$7nnas$w(FI-Arto)1385391$tJanus : sosiaalipolitiikan ja sosiaalityön tutkimuksen aikakauslehti. -$x1235-7812. -$dJyväskylä : Sosiaalipoliittinen yhdistys. -$g3 (1995) : 4, s. 467-468$q0004$sJanus (Helsinki. Painettu)
=787  08$iArvosteltu teos:$tRyhmäilmiö : perustietoa ryhmän käytöstä ja ryhmätyöstä sosiaalityöhön sovellettuna$aRiitta Jauhiainen, Marjatta Eskola.$dJuva, 1994
=960  \\$aARTO
=995  \\$aKansalliskirjasto$bSosio$5ARTO

