=LDR  01451cab a22003014i 4500
=001  a012296427
=003  FI-MELINDA
=005  20191015202514.0
=008  951218s1995\\\\fi\|||||\||||||||||0fin||
=035  \\$a(FI-MELINDA)012296427
=041  0\$afin
=100  1\$aMetteri, Anna.
=245  10$aMoniammatillinen yhteistyö tutkittuna ja koettuna.
=336  \\$ateksti$btxt$2rdacontent
=337  \\$akäytettävissä ilman laitetta$bn$2rdamedia
=380  \\$akirja-arvostelu
=380  \\$iMajor genre$aSecondary literature$leng
=490  0\$aKirjallisuuskatsauksia
=600  14$aCarrier, John.$tInterprofessional issues in community & primary health care.
=600  14$aHorder, John.$tInterprofessional issues in community & primary health care.
=600  14$aOwens, Patricia.$tInterprofessional issues in community.
=650  \7$akirja-arvostelut$2yso/fin$0http://www.yso.fi/onto/yso/p3537
=650  \7$alitteraturrecensioner$2yso/swe$0http://www.yso.fi/onto/yso/p3537
=650  \7$aReview$2ELB-g
=773  0\$w(FI-MELINDA)000586820$7nnas$w(FI-Arto)1385391$tJanus : sosiaalipolitiikan ja sosiaalityön tutkimuksen aikakauslehti. -$x1235-7812. -$dJyväskylä : Sosiaalipoliittinen yhdistys. -$g3 (1995) : 4, s. 468-470$q0004$sJanus (Helsinki. Painettu)
=787  08$iArvosteltu teos:$tInterprofessional issues in community & primary health care$aPatricia Owens, John Carrier, John Horder, 1995
=960  \\$aARTO
=995  \\$aKansalliskirjasto$bSosio$5ARTO

