=LDR  01505cab a22003134i 4500
=001  a012296431
=003  FI-MELINDA
=005  20191015202520.0
=008  951218s1995\\\\fi\|||||\||||||||||0fin||
=035  \\$a(FI-MELINDA)012296431
=041  0\$afin
=100  1\$aHusso, Marita$1http://viaf.org/viaf/63548969
=245  10$aOngelmia elämässä, eroja terapioissa.
=336  \\$ateksti$btxt$2rdacontent
=337  \\$akäytettävissä ilman laitetta$bn$2rdamedia
=380  \\$akirja-arvostelu
=380  \\$iMajor genre$aSecondary literature$leng
=490  0\$aKirjallisuuskatsauksia
=600  14$aBurstow, Bonnie$d(1945- )$tRadical feminist therapy.$1http://viaf.org/viaf/113187167
=600  14$ade Shazer, Steve.$tRatkaisevat erot.
=650  \7$akirja-arvostelut$2yso/fin$0http://www.yso.fi/onto/yso/p3537
=650  \7$alitteraturrecensioner$2yso/swe$0http://www.yso.fi/onto/yso/p3537
=650  \7$aReview$2ELB-g
=700  1\$aKaskisaari, Marja.
=773  0\$w(FI-MELINDA)000586820$7nnas$w(FI-Arto)1385391$tJanus : sosiaalipolitiikan ja sosiaalityön tutkimuksen aikakauslehti. -$x1235-7812. -$dJyväskylä : Sosiaalipoliittinen yhdistys. -$g3 (1995) : 4, s. 472-474$q0004$sJanus (Helsinki. Painettu)
=787  08$iArvosteltu teos:$tRadical feminist therapy : working in the context of violence$aBonnie Burstow, 1992
=787  08$iArvosteltu teos:$tRatkaisevat erot : ratkaisukeskeinen terapia auttamistyössä$aSteve de Shazer.$dTampere, 1995
=960  \\$aARTO
=995  \\$aKansalliskirjasto$bSosio$5ARTO

