=LDR  01406cab a22003134i 4500
=001  a012296439
=003  FI-MELINDA
=005  20191015202533.0
=008  951218s1995\\\\fi\|||||\||||||||||0fin||
=035  \\$a(FI-MELINDA)012296439
=041  0\$afin
=080  \\$a129
=100  1\$aWilenius, Reijo$d(1930- )$1http://viaf.org/viaf/39391107
=245  10$aKirja jälleensyntymisestä ja kohtalosta /$cReijo Wilenius.
=336  \\$ateksti$btxt$2rdacontent
=337  \\$akäytettävissä ilman laitetta$bn$2rdamedia
=380  \\$akirja-arvostelu
=380  \\$iMajor genre$aSecondary literature$leng
=490  0\$aKirjoitettua
=600  14$aPietiläinen, Jari$1http://viaf.org/viaf/78375840
=650  \7$ajälleensyntyminen$2yso/fin$0http://www.yso.fi/onto/yso/p625
=650  \7$akirja-arvostelut$2yso/fin$0http://www.yso.fi/onto/yso/p3537
=650  \7$alitteraturrecensioner$2yso/swe$0http://www.yso.fi/onto/yso/p3537
=650  \7$areinkarnation$2yso/swe$0http://www.yso.fi/onto/yso/p625
=650  \7$aReview$2ELB-g
=773  0\$w(FI-MELINDA)000828754$7nnas$w(FI-Arto)56745$tTakoja : antroposofinen kulttuurilehti. -$x1239-3142. -$dHelsinki : Suomen antroposofinen liitto ry.. -$g23 (1995) : 1, s. 27$q0001$sTakoja (Helsinki)
=787  08$iArvosteltu teos:$tAjatuksia jälleensyntymisestä ja kohtalosta$atoim. Jari Pietiläinen.$dHämeenlinna, 1994
=960  \\$aARTO
=995  \\$aKansalliskirjasto$bReli$5ARTO

