=LDR  01066cab a22002654i 4500
=001  a012296455
=003  FI-MELINDA
=005  20191015202556.0
=008  951218s1995\\\\fi\|||||\||||||||||0fin||
=035  \\$a(FI-MELINDA)012296455
=041  0\$afin
=080  \\$a141.333
=080  \\$a792
=100  1\$aSaarinen, Saana.
=245  10$aSamporetkellä /$cteksti: Saana Saarinen ; kuvat: Seppo Huunonen.
=336  \\$ateksti$btxt$2rdacontent
=337  \\$akäytettävissä ilman laitetta$bn$2rdamedia
=650  \7$aantroposofi$2yso/swe$0http://www.yso.fi/onto/yso/p1898
=650  \7$aantroposofia$2yso/fin$0http://www.yso.fi/onto/yso/p1898
=650  \7$anäytelmät$2yso/fin$0http://www.yso.fi/onto/yso/p5000
=650  \7$askådespel$2yso/swe$0http://www.yso.fi/onto/yso/p5000
=740  0\$aSamporetki.
=773  0\$w(FI-MELINDA)000828754$7nnas$w(FI-Arto)56745$tTakoja : antroposofinen kulttuurilehti. -$x1239-3142. -$dHelsinki : Suomen antroposofinen liitto ry.. -$g23 (1995) : 1, s. 32-34$q0001$sTakoja (Helsinki)
=960  \\$aARTO
=995  \\$aKansalliskirjasto$bReli$5ARTO

