=LDR  01779cab a22004094i 4500
=001  a012296523
=003  FI-MELINDA
=005  20190704132535.0
=008  951218s1995\\\\fi\|||||\||||||||||0fin||
=035  \\$a(FI-MELINDA)012296523
=041  0\$afin
=080  \\$a792.8
=080  \\$a929 Sylvestersson
=084  \\$aHIS:18.6$2z
=100  1\$aHyvönen, Arto.
=245  10$aBallerina suorasuu /$cArto Hyvönen.
=336  \\$ateksti$btxt$2rdacontent
=337  \\$akäytettävissä ilman laitetta$bn$2rdamedia
=380  \\$akirja-arvostelu
=380  \\$iMajor genre$aSecondary literature$leng
=490  0\$aKirjat
=600  14$aPuromies, Anu.$tElämäni piruetit.
=600  14$aSylvestersson, Elsa$tElämäni piruetit.$1http://viaf.org/viaf/43604200
=650  \7$abalett (konstarter)$2yso/swe$0http://www.yso.fi/onto/yso/p10218
=650  \7$abaletti (taiteet)$2yso/fin$0http://www.yso.fi/onto/yso/p10218
=650  \7$adansare$2yso/swe$0http://www.yso.fi/onto/yso/p1812
=650  \7$akirja-arvostelut$2yso/fin$0http://www.yso.fi/onto/yso/p3537
=650  \7$alitteraturrecensioner$2yso/swe$0http://www.yso.fi/onto/yso/p3537
=650  \7$amemoarer$2yso/swe$0http://www.yso.fi/onto/yso/p8111
=650  \7$amuistelmat$2yso/fin$0http://www.yso.fi/onto/yso/p8111
=650  \7$atanssijat$2yso/fin$0http://www.yso.fi/onto/yso/p1812
=650  \7$aReview$2ELB-g
=773  0\$w(FI-MELINDA)004991006$7nnas$w(FI-Arto)1386645$tRondo : musiikkilehti. -$x0355-5054. -$dHelsinki : Suomen musiikinopettajain liitto. -$g33 (1995) : 9, s. 38$q0009$sRondo (Helsinki. 1962)
=787  08$iArvosteltu teos:$tElämäni piruetit : primaballerinan muistelmat$aElsa Sylvestersson, Anu Puromies.$dPorvoo, 1995
=850  \\$aFI-Jo$5ARTO
=960  \\$aARTO
=995  \\$aKansalliskirjasto$bHist$5ARTO

