=LDR  01991cab a22004334i 4500
=001  a012296544
=003  FI-MELINDA
=005  20210114222609.0
=008  951219s1878\\\\fi\|||||\||||||||||0swe||
=035  \\$a(FI-MELINDA)012296544
=041  0\$aswe
=080  \\$a26
=080  \\$a940
=084  \\$aHIS:5.3.2$2z
=100  1\$aFrosterus, Johan Gustaf.
=245  10$aKirja-arvostelu /$cG. Frosterus.
=336  \\$ateksti$btxt$2rdacontent
=337  \\$akäytettävissä ilman laitetta$bn$2rdamedia
=380  \\$akirja-arvostelu
=380  \\$iMajor genre$aSecondary literature$leng
=600  14$aSchybergson, M. G.$tHugenotterne under hertig Rohans ledning.
=648  \7$a1600-luku$2yso/fin
=650  \7$ahistoria$2yso/fin$0http://www.yso.fi/onto/yso/p1780
=650  \7$ahistoria$2yso/swe$0http://www.yso.fi/onto/yso/p1780
=650  \7$ahugenotit$2yso/fin$0http://www.yso.fi/onto/yso/p13840
=650  \7$ahugenotter$2yso/swe$0http://www.yso.fi/onto/yso/p13840
=650  \7$ainrikespolitik$2yso/swe$0http://www.yso.fi/onto/yso/p19679
=650  \7$akirja-arvostelut$2yso/fin$0http://www.yso.fi/onto/yso/p3537
=650  \7$alitteraturrecensioner$2yso/swe$0http://www.yso.fi/onto/yso/p3537
=650  \7$areligiösa minoriteter$2yso/swe$0http://www.yso.fi/onto/yso/p11266
=650  \7$asisäpolitiikka$2yso/fin$0http://www.yso.fi/onto/yso/p19679
=650  \7$auskonnolliset vähemmistöt$2yso/fin$0http://www.yso.fi/onto/yso/p11266
=650  \7$aReview$2ELB-g
=651  \7$aFrankrike$2yso/swe$0http://www.yso.fi/onto/yso/p104968
=651  \7$aRanska$2yso/fin$0http://www.yso.fi/onto/yso/p104968
=773  0\$7nnas$w(FI-MELINDA)003580386$w(FI-Arto)1386282$tFinsk tidskrift : kultur, ekonomi, politik. -$x0015-248X. -$dÅbo : Föreningen Granskaren. -$g4 (1878) : 3, s. 218-220$q0003$sFinsk tidskrift (Print)
=787  08$iArvosteltu teos:$tHugenotterne under hertig Rohans ledning$aM. G. Schybergson.$dHelsingfors, 1877
=960  \\$aARTO
=995  \\$aKansalliskirjasto$bHist$5ARTO

