=LDR  01784cab a22003974i 4500
=001  a012296547
=003  FI-MELINDA
=005  20190711064338.0
=008  951219s1879\\\\fi\|||||\||||||||||0swe||
=035  \\$a(FI-MELINDA)012296547
=041  0\$aswe
=080  \\$a327
=080  \\$a940
=084  \\$aHIS:5.3.2$2z
=100  1\$aCarlson, Ernst$d(1854-1909)$1http://viaf.org/viaf/52442082
=245  10$aKirja-arvostelu /$cE. Carlson.
=336  \\$ateksti$btxt$2rdacontent
=337  \\$akäytettävissä ilman laitetta$bn$2rdamedia
=380  \\$akirja-arvostelu
=380  \\$iMajor genre$aSecondary literature$leng
=600  14$aDanielson-Kalmari, Johan Richard.$tZur Geschichte der sächsischen Politik 1706-1709.
=648  \7$a1706-1709$2yso/fin
=650  \7$akirja-arvostelut$2yso/fin$0http://www.yso.fi/onto/yso/p3537
=650  \7$alitteraturrecensioner$2yso/swe$0http://www.yso.fi/onto/yso/p3537
=650  \7$apoliittinen historia$2yso/fin$0http://www.yso.fi/onto/yso/p15286
=650  \7$apolitisk historia$2yso/swe$0http://www.yso.fi/onto/yso/p15286
=650  \7$aulkopolitiikka$2yso/fin$0http://www.yso.fi/onto/yso/p12405
=650  \7$autrikespolitik$2yso/swe$0http://www.yso.fi/onto/yso/p12405
=650  \7$aReview$2ELB-g
=651  \7$aRuotsi$2yso/fin$0http://www.yso.fi/onto/yso/p94383
=651  \7$aSverige$2yso/swe$0http://www.yso.fi/onto/yso/p94383
=653  \5$aSaksi
=773  0\$w(FI-MELINDA)003580386$7nnas$w(FI-Arto)1386282$tFinsk tidskrift : kultur, ekonomi, politik. -$x0015-248X . -$dÅbo : Föreningen Granskaren. -$g6 (1879) : 4, s. 249-253$q0004$sFinsk tidskrift (Print)
=787  08$iArvosteltu teos:$tZur Geschichte der sächsischen Politik 1706-1709$aJ. R. Danielson.$dHelsingfors, 1878
=960  \\$aARTO
=995  \\$aKansalliskirjasto$bHist$5ARTO

