=LDR  02042cab a22004214i 4500
=001  a012296553
=003  FI-MELINDA
=005  20191015202801.0
=008  951219s1878\\\\fi\|||||\||||||||||0swe||
=035  \\$a(FI-MELINDA)012296553
=041  0\$aswe
=080  \\$a61
=080  \\$a929 Linné
=084  \\$aHIS:5.3.1$2z
=100  1\$aTigerstedt, Robert$d(1853-1923)$1http://viaf.org/viaf/32778840
=245  10$aKirja-arvostelu /$cRobert Tigerstedt.
=336  \\$ateksti$btxt$2rdacontent
=337  \\$akäytettävissä ilman laitetta$bn$2rdamedia
=380  \\$akirja-arvostelu
=380  \\$iMajor genre$aSecondary literature$leng
=600  14$aHjelt, Otto Edvard August$d(1823-1913)$tCarl von Linné som läkare.$1http://viaf.org/viaf/8148862
=650  \7$ahenkilöhistoria$2yso/fin$0http://www.yso.fi/onto/yso/p2718
=650  \7$ahistoria$2yso/fin$0http://www.yso.fi/onto/yso/p1780
=650  \7$ahistoria$2yso/swe$0http://www.yso.fi/onto/yso/p1780
=650  \7$akirja-arvostelut$2yso/fin$0http://www.yso.fi/onto/yso/p3537
=650  \7$alitteraturrecensioner$2yso/swe$0http://www.yso.fi/onto/yso/p3537
=650  \7$alääketiede$2yso/fin$0http://www.yso.fi/onto/yso/p469
=650  \7$amedicin$2yso/swe$0http://www.yso.fi/onto/yso/p469
=650  \7$apersonhistoria$2yso/swe$0http://www.yso.fi/onto/yso/p2718
=650  \7$atiedemiehet$2yso/fin$0http://www.yso.fi/onto/yso/p11256
=650  \7$avetenskapsmän$2yso/swe$0http://www.yso.fi/onto/yso/p11256
=650  \7$aReview$2ELB-g
=651  \7$aRuotsi$2yso/fin$0http://www.yso.fi/onto/yso/p94383
=651  \7$aSverige$2yso/swe$0http://www.yso.fi/onto/yso/p94383
=773  0\$w(FI-MELINDA)003580386$7nnas$w(FI-Arto)1386282$tFinsk tidskrift : kultur, ekonomi, politik. -$x0015-248X . -$dÅbo : Föreningen Granskaren. -$g5 (1878) : 3, s. 225-230$q0003$sFinsk tidskrift (Print)
=787  08$iArvosteltu teos:$tCarl von Linné som läkare och hans betydelse för den medicinska vetenskapen$aOtto Hjelt.$dHelsingfors, 1877
=960  \\$aARTO
=995  \\$aKansalliskirjasto$bHist$5ARTO

