=LDR  01962cab a22004214i 4500
=001  a012296562
=003  FI-MELINDA
=005  20210114222612.0
=008  951219s1880\\\\fi\|||||\||||||||||0swe||
=035  \\$a(FI-MELINDA)012296562
=041  0\$aswe
=080  \\$a327
=080  \\$a355
=080  \\$a940
=084  \\$aHIS:5.3.2$2z
=100  1\$aFridericia, J. A.
=245  10$aKirja-arvostelu /$cJ. A. Fridericia.
=336  \\$ateksti$btxt$2rdacontent
=337  \\$akäytettävissä ilman laitetta$bn$2rdamedia
=380  \\$akirja-arvostelu
=380  \\$iMajor genre$aSecondary literature$leng
=600  14$aSchybergson, M. G.$tUnderhandlingarna om en evangelisk allians åren 1624-1625.
=648  \7$a1600-luku$2yso/fin
=650  \7$akirja-arvostelut$2yso/fin$0http://www.yso.fi/onto/yso/p3537
=650  \7$akolmikymmenvuotinen sota$2yso/fin$0http://www.yso.fi/onto/yso/p16496
=650  \7$akrigshistoria$2yso/swe$0http://www.yso.fi/onto/yso/p13199
=650  \7$alitteraturrecensioner$2yso/swe$0http://www.yso.fi/onto/yso/p3537
=650  \7$asotahistoria$2yso/fin$0http://www.yso.fi/onto/yso/p13199
=650  \7$astormaktspolitik$2yso/swe$0http://www.yso.fi/onto/yso/p14364
=650  \7$asuurvaltapolitiikka$2yso/fin$0http://www.yso.fi/onto/yso/p14364
=650  \7$atrettioåriga kriget$2yso/swe$0http://www.yso.fi/onto/yso/p16496
=650  \7$aReview$2ELB-g
=651  \7$aEurooppa$2yso/fin$0http://www.yso.fi/onto/yso/p94111
=651  \7$aEuropa$2yso/swe$0http://www.yso.fi/onto/yso/p94111
=773  0\$7nnas$w(FI-MELINDA)003580386$w(FI-Arto)1386282$tFinsk tidskrift : kultur, ekonomi, politik. -$x0015-248X. -$dÅbo : Föreningen Granskaren. -$g8 (1880) : 4, s. 221-227$q0004$sFinsk tidskrift (Print)
=787  08$iArvosteltu teos:$tUnderhandlingarna om en evangelisk allians åren 1624-1625 : ett bidrag till trettioåriga krigets historia$aM. G. Schybergson.$dHelsingfors, 1880
=960  \\$aARTO
=995  \\$aKansalliskirjasto$bHist$5ARTO

