=LDR  02056cab a22004454i 4500
=001  a012296574
=003  FI-MELINDA
=005  20191015202831.0
=008  951219s1903\\\\fi\|||||\||||||||||0swe||
=035  \\$a(FI-MELINDA)012296574
=041  0\$aswe
=080  \\$a930.85
=080  \\$a944
=084  \\$aHIS:5.3.5$2z
=100  1\$aSchybergson, M. G.
=245  10$aKirja-arvostelu /$cM. G. Schybergson.
=336  \\$ateksti$btxt$2rdacontent
=337  \\$akäytettävissä ilman laitetta$bn$2rdamedia
=380  \\$akirja-arvostelu
=380  \\$iMajor genre$aSecondary literature$leng
=600  14$aSöderhjelm, Alma.$tKulturförhållanden under franska revolutionen.
=648  \7$a1789$2yso/fin
=648  \7$a1790-luku$2yso/fin
=650  \7$aRanskan suuri vallankumous$2yso/fin$0http://www.yso.fi/onto/yso/p15785
=650  \7$afranska revolutionen$2yso/swe$0http://www.yso.fi/onto/yso/p15785
=650  \7$akirja-arvostelut$2yso/fin$0http://www.yso.fi/onto/yso/p3537
=650  \7$akulttuurielämä$2yso/fin$0http://www.yso.fi/onto/yso/p4023
=650  \7$akulttuurihistoria$2yso/fin$0http://www.yso.fi/onto/yso/p18452
=650  \7$akulturhistoria$2yso/swe$0http://www.yso.fi/onto/yso/p18452
=650  \7$akulturliv$2yso/swe$0http://www.yso.fi/onto/yso/p4023
=650  \7$alitteraturrecensioner$2yso/swe$0http://www.yso.fi/onto/yso/p3537
=650  \7$arevolutioner$2yso/swe$0http://www.yso.fi/onto/yso/p15786
=650  \7$avallankumoukset$2yso/fin$0http://www.yso.fi/onto/yso/p15786
=650  \7$aReview$2ELB-g
=651  \7$aFrankrike$2yso/swe$0http://www.yso.fi/onto/yso/p104968
=651  \7$aRanska$2yso/fin$0http://www.yso.fi/onto/yso/p104968
=773  0\$w(FI-MELINDA)003580386$7nnas$w(FI-Arto)1386282$tFinsk tidskrift : kultur, ekonomi, politik. -$x0015-248X . -$dÅbo : Föreningen Granskaren. -$g55 (1903) : 2 , s. 147-148$q0002$sFinsk tidskrift (Print)
=787  08$iArvosteltu teos:$tKulturförhållanden under franska revolutionen$aAlma Söderhjelm.$dHelsingfors, 1903
=960  \\$aARTO
=995  \\$aKansalliskirjasto$bHist$5ARTO

