=LDR  01771cab a22003734i 4500
=001  a012296598
=003  FI-MELINDA
=005  20190704132547.0
=008  951218s1995\\\\fi\|||||\||||||||||0swe||
=035  \\$a(FI-MELINDA)012296598
=041  0\$aswe
=080  \\$a929 Almberg
=084  \\$aHIS:25.2$2z
=100  1\$aEngman, Max.
=245  10$aKärlek och politik, fennomani och tjeckomani :$bA. F. Almberg i Prag 1874 /$cMax Engman.
=336  \\$ateksti$btxt$2rdacontent
=337  \\$akäytettävissä ilman laitetta$bn$2rdamedia
=600  14$aAlmberg, Anton Fredrik.
=600  14$aJalava, Antti.
=648  \7$a1874$2yso/fin
=650  \7$afinländare$2yso/swe$0http://www.yso.fi/onto/yso/p3180
=650  \7$ahenkilöhistoria$2yso/fin$0http://www.yso.fi/onto/yso/p2718
=650  \7$ajournalister$2yso/swe$0http://www.yso.fi/onto/yso/p1021
=650  \7$amatkakertomukset$2yso/fin$0http://www.yso.fi/onto/yso/p5977
=650  \7$apersonhistoria$2yso/swe$0http://www.yso.fi/onto/yso/p2718
=650  \7$areseberättelser$2yso/swe$0http://www.yso.fi/onto/yso/p5977
=650  \7$asuomalaiset$2yso/fin$0http://www.yso.fi/onto/yso/p3180
=650  \7$atoimittajat (media)$2yso/fin$0http://www.yso.fi/onto/yso/p1021
=651  \7$aPrag$2yso/swe$0http://www.yso.fi/onto/yso/p105069
=651  \7$aPraha$2yso/fin$0http://www.yso.fi/onto/yso/p105069
=653  \0$afennomaanit
=773  0\$w(FI-MELINDA)000127543$7nnas$w(FI-Arto)1385387$tHistoriska och litteraturhistoriska studier. -$x0073-2702. -$dHelsingfors : Svenska litteratursällskapet i Finland. -$kSkrifter utgivna av Svenska litteratursällskapet i Finland. 0039-6842 ; nr. 590. -$g70 (1995), s. 233-278$sHistoriska och litteraturhistoriska studier (Print)
=960  \\$aARTO
=995  \\$aKansalliskirjasto$bHist$5ARTO

