=LDR  01936cab a22003974i 4500
=001  a012296616
=003  FI-MELINDA
=005  20191015202932.0
=008  951219s1880\\\\fi\|||||\||||||||||0swe||
=035  \\$a(FI-MELINDA)012296616
=041  0\$aswe
=080  \\$a316.3
=080  \\$a940.1
=084  \\$aHIS:5.2$2z
=100  1\$aLiljenstrand, Axel.
=245  10$aEngelska förhållanden under medeltiden /$cAxel Liljenstrand.
=336  \\$ateksti$btxt$2rdacontent
=337  \\$akäytettävissä ilman laitetta$bn$2rdamedia
=380  \\$akirja-arvostelu
=380  \\$iMajor genre$aSecondary literature$leng
=600  14$aDanielson-Kalmari, Johan Richard.$tBidrag till framställning af Englands socialpolitik.
=650  \7$akeskiaika$2yso/fin$0http://www.yso.fi/onto/yso/p2559
=650  \7$akirja-arvostelut$2yso/fin$0http://www.yso.fi/onto/yso/p3537
=650  \7$alitteraturrecensioner$2yso/swe$0http://www.yso.fi/onto/yso/p3537
=650  \7$amedeltiden$2yso/swe$0http://www.yso.fi/onto/yso/p2559
=650  \7$asamhällsutveckling$2yso/swe$0http://www.yso.fi/onto/yso/p9763
=650  \7$asocialpolitik$2yso/swe$0http://www.yso.fi/onto/yso/p2672
=650  \7$asosiaalipolitiikka$2yso/fin$0http://www.yso.fi/onto/yso/p2672
=650  \7$ayhteiskuntakehitys$2yso/fin$0http://www.yso.fi/onto/yso/p9763
=650  \7$aReview$2ELB-g
=651  \7$aEngland$2yso/swe$0http://www.yso.fi/onto/yso/p107128
=651  \7$aEnglanti$2yso/fin$0http://www.yso.fi/onto/yso/p107128
=773  0\$w(FI-MELINDA)003580386$7nnas$w(FI-Arto)1386282$tFinsk tidskrift : kultur, ekonomi, politik. -$x0015-248X . -$dÅbo : Föreningen Granskaren. -$g8 (1880) : 5, s. 316-326$q0005$sFinsk tidskrift (Print)
=787  08$iArvosteltu teos:$tBidrag till framställning af Englands socialpolitik och ekonomisk-sociala utveckling under XIII-XVI århundradet$aJoh. Rich. Danielson.$dHelsingfors, 1880
=960  \\$aARTO
=995  \\$aKansalliskirjasto$bHist$5ARTO

