=LDR  01019cab a22002414i 4500
=001  a012296634
=003  FI-MELINDA
=005  20191015202956.0
=008  951219s1995\\\\fi\|||||\||||||||||0fin||
=035  \\$a(FI-MELINDA)012296634
=041  0\$afin
=080  \\$a910.2$x(73)
=100  1\$aVahviala, Pirjo.
=245  10$aAurinkomatka Amerikassa /$cPirjo Vahviala.
=336  \\$ateksti$btxt$2rdacontent
=337  \\$akäytettävissä ilman laitetta$bn$2rdamedia
=650  \7$amatkakertomukset$2yso/fin$0http://www.yso.fi/onto/yso/p5977
=650  \7$areseberättelser$2yso/swe$0http://www.yso.fi/onto/yso/p5977
=651  \7$aFörenta staterna$2yso/swe$0http://www.yso.fi/onto/yso/p105078
=651  \7$aYhdysvallat$2yso/fin$0http://www.yso.fi/onto/yso/p105078
=773  0\$w(FI-MELINDA)000828754$7nnas$w(FI-Arto)56745$tTakoja : antroposofinen kulttuurilehti. -$x1239-3142. -$dHelsinki : Suomen antroposofinen liitto ry.. -$g23 (1995) : 2, s. 22-24$q0002$sTakoja (Helsinki)
=960  \\$aARTO
=995  \\$aKansalliskirjasto$bReli$5ARTO

