=LDR  02456cab a22005054i 4500
=001  a012296635
=003  FI-MELINDA
=005  20210114222614.0
=008  951219s1881\\\\fi\|||||\||||||||||0swe||
=035  \\$a(FI-MELINDA)012296635
=041  0\$aswe
=080  \\$a327
=080  \\$a329
=080  \\$a940
=084  \\$aHIS:5.3.2$2z
=100  1\$aFrosterus, Johan Gustaf.
=245  10$aKirja-arvostelu /$cG. Frosterus.
=336  \\$ateksti$btxt$2rdacontent
=337  \\$akäytettävissä ilman laitetta$bn$2rdamedia
=380  \\$akirja-arvostelu
=380  \\$iMajor genre$aSecondary literature$leng
=600  14$aSchybergson, M. G.$tLe Duc de Rohan.
=600  14$aSchybergson, M. G.$tSveriges och Hollands diplomatiska förbindelser 1621-1630.
=648  \7$a1600-luku$2yso/fin
=648  \7$a1621-1630$2yso/fin
=650  \7$adiplomaattisuhteet$2yso/fin$0http://www.yso.fi/onto/yso/p9781
=650  \7$adiplomatiska förbindelser$2yso/swe$0http://www.yso.fi/onto/yso/p9781
=650  \7$ainrikespolitik$2yso/swe$0http://www.yso.fi/onto/yso/p19679
=650  \7$akirja-arvostelut$2yso/fin$0http://www.yso.fi/onto/yso/p3537
=650  \7$alitteraturrecensioner$2yso/swe$0http://www.yso.fi/onto/yso/p3537
=650  \7$aprotestanter$2yso/swe$0http://www.yso.fi/onto/yso/p13841
=650  \7$aprotestantit$2yso/fin$0http://www.yso.fi/onto/yso/p13841
=650  \7$asisäpolitiikka$2yso/fin$0http://www.yso.fi/onto/yso/p19679
=650  \7$aReview$2ELB-g
=651  \7$aAlankomaat$2yso/fin$0http://www.yso.fi/onto/yso/p105190
=651  \7$aFrankrike$2yso/swe$0http://www.yso.fi/onto/yso/p104968
=651  \7$aNederländerna$2yso/swe$0http://www.yso.fi/onto/yso/p105190
=651  \7$aRanska$2yso/fin$0http://www.yso.fi/onto/yso/p104968
=651  \7$aRuotsi$2yso/fin$0http://www.yso.fi/onto/yso/p94383
=651  \7$aSverige$2yso/swe$0http://www.yso.fi/onto/yso/p94383
=773  0\$7nnas$w(FI-MELINDA)003580386$w(FI-Arto)1386282$tFinsk tidskrift : kultur, ekonomi, politik. -$x0015-248X. -$dÅbo : Föreningen Granskaren. -$g11 (1881) : 6, s. 473-480$q0006$sFinsk tidskrift (Print)
=787  08$iArvosteltu teos:$tLe Duc de Rohan et la chute du parti protestant en France$aM. G. Schybergson.$dParis, 1880
=787  08$iArvosteltu teos:$tSveriges och Hollands diplomatiska förbindelser 1621-1630, belysta genom aktstycken ur svenska riksarkivet$aM. G. Schybergson.$dHelsingfors, 1881
=960  \\$aARTO
=995  \\$aKansalliskirjasto$bHist$5ARTO

