=LDR  02050cab a22004334i 4500
=001  a012296637
=003  FI-MELINDA
=005  20191015203001.0
=008  951219s1900\\\\fi\|||||\||||||||||0swe||
=035  \\$a(FI-MELINDA)012296637
=041  0\$aswe
=080  \\$a07
=080  \\$a323
=080  \\$a944
=084  \\$aHIS:5.3.2$2z
=100  1\$aLindholm, Karl H.
=245  14$aEtt arbete om pressförhållandena under franska revolutionen /$cKarl H. Lindholm.
=336  \\$ateksti$btxt$2rdacontent
=337  \\$akäytettävissä ilman laitetta$bn$2rdamedia
=380  \\$akirja-arvostelu
=380  \\$iMajor genre$aSecondary literature$leng
=600  14$aSöderhjelm, Alma.$tLe régime de la presse pendant la révolution francaise. 1.
=650  \7$aRanskan suuri vallankumous$2yso/fin$0http://www.yso.fi/onto/yso/p15785
=650  \7$adagstidningar$2yso/swe$0http://www.yso.fi/onto/yso/p2421
=650  \7$afranska revolutionen$2yso/swe$0http://www.yso.fi/onto/yso/p15785
=650  \7$ahistoria$2yso/fin$0http://www.yso.fi/onto/yso/p1780
=650  \7$ahistoria$2yso/swe$0http://www.yso.fi/onto/yso/p1780
=650  \7$akirja-arvostelut$2yso/fin$0http://www.yso.fi/onto/yso/p3537
=650  \7$alehdistö$2yso/fin$0http://www.yso.fi/onto/yso/p2422
=650  \7$alitteraturrecensioner$2yso/swe$0http://www.yso.fi/onto/yso/p3537
=650  \7$asanomalehdet$2yso/fin$0http://www.yso.fi/onto/yso/p2421
=650  \7$atidningspress$2yso/swe$0http://www.yso.fi/onto/yso/p2422
=650  \7$aReview$2ELB-g
=651  \7$aFrankrike$2yso/swe$0http://www.yso.fi/onto/yso/p104968
=651  \7$aRanska$2yso/fin$0http://www.yso.fi/onto/yso/p104968
=773  0\$w(FI-MELINDA)003580386$7nnas$w(FI-Arto)1386282$tFinsk tidskrift : kultur, ekonomi, politik. -$x0015-248X . -$dÅbo : Föreningen Granskaren. -$g49 (1900) : 3, s. 290-297$q0003$sFinsk tidskrift (Print)
=787  08$iArvosteltu teos:$tLe régime de la presse pendant la révolution francaise. 1$aAlma Söderhjelm.$dHelsingfors, 1900
=960  \\$aARTO
=995  \\$aKansalliskirjasto$bHist$5ARTO

