=LDR  02217cab a22004334i 4500
=001  a012296658
=003  FI-MELINDA
=005  20191015203028.0
=008  951219s1902\\\\fi\|||||\||||||||||0swe||
=035  \\$a(FI-MELINDA)012296658
=041  0\$aswe
=080  \\$a327
=080  \\$a940
=084  \\$aHIS:5.3.2$2z
=100  1\$aSchybergson, M. G.
=245  14$aEtt inhemskt bidrag till den europeiska statskonstens historia efter Westfaliska fredsslutet /$cM. G. Schybergson.
=336  \\$ateksti$btxt$2rdacontent
=337  \\$akäytettävissä ilman laitetta$bn$2rdamedia
=380  \\$akirja-arvostelu
=380  \\$iMajor genre$aSecondary literature$leng
=600  14$aCrohns, Hjalmar$d(1862-1946)$tSveriges politik i förhållande till de federativa rörelserna i Tyskland 1650-1658. 1-2.$1http://viaf.org/viaf/88731395
=648  \7$a1650-luku$2yso/fin
=650  \7$ainternationella relationer$2yso/swe$0http://www.yso.fi/onto/yso/p5209
=650  \7$akansainväliset suhteet$2yso/fin$0http://www.yso.fi/onto/yso/p5209
=650  \7$akirja-arvostelut$2yso/fin$0http://www.yso.fi/onto/yso/p3537
=650  \7$alitteraturrecensioner$2yso/swe$0http://www.yso.fi/onto/yso/p3537
=650  \7$apoliittinen historia$2yso/fin$0http://www.yso.fi/onto/yso/p15286
=650  \7$apolitisk historia$2yso/swe$0http://www.yso.fi/onto/yso/p15286
=650  \7$aulkopolitiikka$2yso/fin$0http://www.yso.fi/onto/yso/p12405
=650  \7$autrikespolitik$2yso/swe$0http://www.yso.fi/onto/yso/p12405
=650  \7$aReview$2ELB-g
=651  \7$aEurooppa$2yso/fin$0http://www.yso.fi/onto/yso/p94111
=651  \7$aEuropa$2yso/swe$0http://www.yso.fi/onto/yso/p94111
=651  \7$aRuotsi$2yso/fin$0http://www.yso.fi/onto/yso/p94383
=651  \7$aSverige$2yso/swe$0http://www.yso.fi/onto/yso/p94383
=773  0\$w(FI-MELINDA)003580386$7nnas$w(FI-Arto)1386282$tFinsk tidskrift : kultur, ekonomi, politik. -$x0015-248X . -$dÅbo : Föreningen Granskaren. -$g53 (1902) : 5, s. 405-411$q0005$sFinsk tidskrift (Print)
=787  08$iArvosteltu teos:$tSveriges politik i förhållande till de federativa rörelserna i Tyskland 1650-1658. 1-2$aHjalmar Crohns.$dHelsingfors, 1902
=960  \\$aARTO
=995  \\$aKansalliskirjasto$bHist$5ARTO

