=LDR  01746cab a22003734i 4500
=001  a012296666
=003  FI-MELINDA
=005  20191015203042.0
=008  951219s1905\\\\fi\|||||\||||||||||0swe||
=035  \\$a(FI-MELINDA)012296666
=041  0\$aswe
=080  \\$a27
=084  \\$aHIS:5.3.6$2z
=100  1\$aSchybergson, M. G.
=245  10$aKirja-arvostelu /$cM. G. Schybergson.
=336  \\$ateksti$btxt$2rdacontent
=337  \\$akäytettävissä ilman laitetta$bn$2rdamedia
=380  \\$akirja-arvostelu
=380  \\$iMajor genre$aSecondary literature$leng
=600  14$aRein, Gabriel.$tPaolo Sarpi und die Protestanten.
=648  \7$a1606-1615$2yso/fin
=650  \7$akirja-arvostelut$2yso/fin$0http://www.yso.fi/onto/yso/p3537
=650  \7$akirkkohistoria$2yso/fin$0http://www.yso.fi/onto/yso/p19610
=650  \7$akyrkohistoria$2yso/swe$0http://www.yso.fi/onto/yso/p19610
=650  \7$alitteraturrecensioner$2yso/swe$0http://www.yso.fi/onto/yso/p3537
=650  \7$aprotestantism$2yso/swe$0http://www.yso.fi/onto/yso/p5043
=650  \7$aprotestantismi$2yso/fin$0http://www.yso.fi/onto/yso/p5043
=650  \7$aReview$2ELB-g
=651  \7$aVenedig$2yso/swe$0http://www.yso.fi/onto/yso/p106038
=651  \7$aVenetsia$2yso/fin$0http://www.yso.fi/onto/yso/p106038
=773  0\$w(FI-MELINDA)003580386$7nnas$w(FI-Arto)1386282$tFinsk tidskrift : kultur, ekonomi, politik. -$x0015-248X . -$dÅbo : Föreningen Granskaren. -$g59 (1905) : 1, s. 94-95$q0001$sFinsk tidskrift (Print)
=787  08$iArvosteltu teos:$tPaolo Sarpi und die protestanten : ein Beitrag zur Geschichte der Reformationsbewegung in Venedig im Anfang des siebzehnten Jahrhunderts$aGabriel Rein.$dHelsingfors, 1904
=960  \\$aARTO
=995  \\$aKansalliskirjasto$bHist$5ARTO

