=LDR  01109cab a22002774i 4500
=001  a012296687
=003  FI-MELINDA
=005  20191015203104.0
=008  951219s1995\\\\fi\|||||\||||||||||0fin||
=035  \\$a(FI-MELINDA)012296687
=041  0\$afin
=080  \\$a398
=100  1\$aGrundström, Elina.
=245  10$aSiivekkäät pienet ystävämme.
=336  \\$ateksti$btxt$2rdacontent
=337  \\$akäytettävissä ilman laitetta$bn$2rdamedia
=380  \\$akirja-arvostelu
=380  \\$iMajor genre$aSecondary literature$leng
=600  14$aHjelt, Marjut.$tKeijukaiset.
=650  \7$akirja-arvostelut$2yso/fin$0http://www.yso.fi/onto/yso/p3537
=650  \7$alitteraturrecensioner$2yso/swe$0http://www.yso.fi/onto/yso/p3537
=650  \7$aReview$2ELB-g
=773  0\$w(FI-MELINDA)009321618$7nnas$w(FI-Arto)1386023$tHiidenkivi : suomalainen kulttuurilehti. -$x1236-794X. -$dHelsinki : Painatuskeskus. -$g2 (1995) : 6, s. 23$q0006$sHiidenkivi
=787  08$iArvosteltu teos:$tKeijukaiset : totta ja tarinaa toisesta maailmasta$aMarjut Hjelt.$dHelsinki, 1995
=960  \\$aARTO
=995  \\$aKansalliskirjasto$bPeri$5ARTO

