=LDR  01191cab a22002774i 4500
=001  a012296718
=003  FI-MELINDA
=005  20191015203145.0
=008  951220s1995\\\\fi\|||||\||||||||||0fin||
=035  \\$a(FI-MELINDA)012296718
=041  0\$afin
=080  \\$a638.1
=080  \\$a910.4$x(494)
=100  1\$aKauko, Lassi.
=245  10$aApimondiaretki Berniin /$cLassi Kauko.
=336  \\$ateksti$btxt$2rdacontent
=337  \\$akäytettävissä ilman laitetta$bn$2rdamedia
=650  \7$abiodling (ekonomi)$2yso/swe$0http://www.yso.fi/onto/yso/p10453
=650  \7$amatkakertomukset$2yso/fin$0http://www.yso.fi/onto/yso/p5977
=650  \7$amehiläistalous$2yso/fin$0http://www.yso.fi/onto/yso/p10453
=650  \7$areseberättelser$2yso/swe$0http://www.yso.fi/onto/yso/p5977
=651  \7$aSchweiz$2yso/swe$0http://www.yso.fi/onto/yso/p105295
=651  \7$aSveitsi$2yso/fin$0http://www.yso.fi/onto/yso/p105295
=773  0\$w(FI-MELINDA)000083914$7nnas$w(FI-Arto)1387951$tMehiläinen : mehiläisalan ammattilehti. -$x0783-3377. -$dOitti : Suomen mehiläishoitajain liitto. -$g12 (1995) : 7, s. 207-208$q0007$sMehiläinen (Oitti. Painettu)
=960  \\$aARTO
=995  \\$aKansalliskirjasto$bViik$5ARTO

