=LDR  01928cab a22003974i 4500
=001  a012296721
=003  FI-MELINDA
=005  20190704132602.0
=008  951220s1995\\\\fi\|||||\||||||||||0fin||
=035  \\$a(FI-MELINDA)012296721
=041  0\$afin
=100  1\$aOksanen, Hannu.
=245  10$aTiedätkö mitä, minä tiedän kaiken.
=336  \\$ateksti$btxt$2rdacontent
=337  \\$akäytettävissä ilman laitetta$bn$2rdamedia
=380  \\$akirja-arvostelu
=380  \\$iMajor genre$aSecondary literature$leng
=600  14$aStrandell, Harriet$tPäiväkoti lasten kohtaamispaikkana.$1http://viaf.org/viaf/77727910
=650  \7$abarn (åldersgrupper)$2yso/swe$0http://www.yso.fi/onto/yso/p4354
=650  \7$adaghem$2yso/swe$0http://www.yso.fi/onto/yso/p282
=650  \7$akirja-arvostelut$2yso/fin$0http://www.yso.fi/onto/yso/p3537
=650  \7$alapset (ikäryhmät)$2yso/fin$0http://www.yso.fi/onto/yso/p4354
=650  \7$aleikkiminen$2yso/fin$0http://www.yso.fi/onto/yso/p316
=650  \7$alek (aktivitet)$2yso/swe$0http://www.yso.fi/onto/yso/p316
=650  \7$alitteraturrecensioner$2yso/swe$0http://www.yso.fi/onto/yso/p3537
=650  \7$apäiväkodit$2yso/fin$0http://www.yso.fi/onto/yso/p282
=650  \7$asocial interaktion$2yso/swe$0http://www.yso.fi/onto/yso/p10590
=650  \7$asociala relationer$2yso/swe$0http://www.yso.fi/onto/yso/p411
=650  \7$asosiaalinen vuorovaikutus$2yso/fin$0http://www.yso.fi/onto/yso/p10590
=650  \7$asosiaaliset suhteet$2yso/fin$0http://www.yso.fi/onto/yso/p411
=650  \7$aReview$2ELB-g
=773  0\$w(FI-MELINDA)011418415$7nnas$w(FI-Arto)1387706$tOpettaja. -$x0355-3965. -$dHelsinki : Opettajien ammattijärjestö OAJ. -$g90 (1995) : 50, s. 24$q0050$sOpettaja (Painettu)
=787  08$iArvosteltu teos:$tPäiväkoti lasten kohtaamispaikkana$aHarriet Strandell.$dHelsinki, 1995
=850  \\$aFI-Y$5ARTO
=960  \\$aARTO
=995  \\$aKansalliskirjasto$bOpe$5ARTO

