=LDR  01971cab a22004214i 4500
=001  a012296734
=003  FI-MELINDA
=005  20191015203209.0
=008  951220s1995\\\\fi\|||||\||||||||||0fin||
=035  \\$a(FI-MELINDA)012296734
=041  0\$afin
=080  \\$a159.961
=100  1\$aPirtola, Erkki$d(1950-2016)$1http://viaf.org/viaf/96874062
=245  10$aKuoleman muurit murtuvat /$cErkki Pirtola.
=336  \\$ateksti$btxt$2rdacontent
=337  \\$akäytettävissä ilman laitetta$bn$2rdamedia
=600  14$aBrinkley, Dannion.
=600  14$aEadie, Betty J.
=600  14$aMoody, Raymond.
=650  \7$adöden$2yso/swe$0http://www.yso.fi/onto/yso/p626
=650  \7$ahimmel (religion)$2yso/swe$0http://www.yso.fi/onto/yso/p7273
=650  \7$aitaliankielinen kirjallisuus$2yso/fin$0http://www.yso.fi/onto/yso/p8252
=650  \7$aitaliensk litteratur$2yso/swe$0http://www.yso.fi/onto/yso/p8252
=650  \7$akeskiaika$2yso/fin$0http://www.yso.fi/onto/yso/p2559
=650  \7$akuolema$2yso/fin$0http://www.yso.fi/onto/yso/p626
=650  \7$akuolemanjälkeinen elämä$2yso/fin$0http://www.yso.fi/onto/yso/p629
=650  \7$alivet efter döden$2yso/swe$0http://www.yso.fi/onto/yso/p629
=650  \7$alyriikka$2yso/fin$0http://www.yso.fi/onto/yso/p1365
=650  \7$alyrik$2yso/swe$0http://www.yso.fi/onto/yso/p1365
=650  \7$amedeltiden$2yso/swe$0http://www.yso.fi/onto/yso/p2559
=650  \7$aparanormaalit ilmiöt$2yso/fin$0http://www.yso.fi/onto/yso/p526
=650  \7$ataivas (uskonto)$2yso/fin$0http://www.yso.fi/onto/yso/p7273
=650  \7$aövernaturliga fenomen$2yso/swe$0http://www.yso.fi/onto/yso/p526
=650  \7$aItalian literature$2ELB-n
=650  \7$aPoetry$2ELB-g
=773  0\$w(FI-MELINDA)000828754$7nnas$w(FI-Arto)56745$tTakoja : antroposofinen kulttuurilehti. -$x1239-3142. -$dHelsinki : Suomen antroposofinen liitto ry.. -$g23 (1995) : 2, s. 32-35$q0002$sTakoja (Helsinki)
=960  \\$aARTO
=995  \\$aKansalliskirjasto$bReli$5ARTO

