=LDR  02310cab a22004454i 4500
=001  a012296755
=003  FI-MELINDA
=005  20191015203241.0
=008  951220s1995\\\\fi\|||||\||||||||||0fin||
=035  \\$a(FI-MELINDA)012296755
=041  0\$afin
=080  \\$a352
=100  1\$aRyynänen, Aimo$d(1946- )$1http://viaf.org/viaf/43301053
=245  10$aKirja-arvostelut /$cAimo Ryynänen.
=336  \\$ateksti$btxt$2rdacontent
=337  \\$akäytettävissä ilman laitetta$bn$2rdamedia
=380  \\$akirja-arvostelu
=380  \\$iMajor genre$aSecondary literature$leng
=600  14$aHallberg, Pekka.$tKuntalaki.
=600  14$aHannus, Arno$tKuntalaki.$1http://viaf.org/viaf/278273125
=600  14$aHarjula, Heikki$tKuntalaki - tausta ja tulkinnat.$1http://viaf.org/viaf/68239859
=600  14$aHeuru, Kauko$tUusi kuntalaki.$1http://viaf.org/viaf/60795266
=600  14$aPrättälä, Kari$tKuntalaki - tausta ja tulkinnat.$1http://viaf.org/viaf/25149106022768490841
=650  \7$akirja-arvostelut$2yso/fin$0http://www.yso.fi/onto/yso/p3537
=650  \7$akommunalförvaltning$2yso/swe$0http://www.yso.fi/onto/yso/p7518
=650  \7$akommuner$2yso/swe$0http://www.yso.fi/onto/yso/p10083
=650  \7$akunnallishallinto$2yso/fin$0http://www.yso.fi/onto/yso/p7518
=650  \7$akunnat$2yso/fin$0http://www.yso.fi/onto/yso/p10083
=650  \7$alagstiftning$2yso/swe$0http://www.yso.fi/onto/yso/p13854
=650  \7$alainsäädäntö$2yso/fin$0http://www.yso.fi/onto/yso/p13854
=650  \7$alitteraturrecensioner$2yso/swe$0http://www.yso.fi/onto/yso/p3537
=650  \7$areformer$2yso/swe$0http://www.yso.fi/onto/yso/p6795
=650  \7$auudistukset$2yso/fin$0http://www.yso.fi/onto/yso/p6795
=650  \7$aReview$2ELB-g
=773  0\$w(FI-MELINDA)003108541$7nnas$w(FI-Arto)1387771$tKunnallistieteellinen aikakauskirja. -$x0356-3669. -$dHelsinki : Kunnallistieteen yhdistys. -$g22 (1995) : 3, s. 259-262$q0003$sKunnallistieteellinen aikakauskirja (Painettu)
=787  08$iArvosteltu teos:$tKuntalaki - tausta ja tulkinnat$aHeikki Harjula & Kari Prättälä.$dHelsinki, 1995
=787  08$iArvosteltu teos:$tKuntalaki$aArno Hannus & Pekka Hallberg.$dHelsinki, 1995
=787  08$iArvosteltu teos:$tUusi kuntalaki$aKauko Heuru.$dHelsinki, 1995
=960  \\$aARTO
=995  \\$aKansalliskirjasto$bValt$5ARTO

