=LDR  02486cab a22004814i 4500
=001  a012296759
=003  FI-MELINDA
=005  20190711064338.0
=008  951220s1995\\\\fi\|||||\||||||||||0fin||
=035  \\$a(FI-MELINDA)012296759
=041  0\$afin
=080  \\$a364.4
=080  \\$a614.2
=100  1\$aOulasvirta, Lasse.
=245  10$aKirja-arvostelut /$cLasse Oulasvirta.
=336  \\$ateksti$btxt$2rdacontent
=337  \\$akäytettävissä ilman laitetta$bn$2rdamedia
=380  \\$akirja-arvostelu
=380  \\$iMajor genre$aSecondary literature$leng
=600  14$aHänninen, Sakari$d(1948- )$tHallittu muutos sosiaali- ja terveydenhuollossa?.$1http://viaf.org/viaf/111138428
=648  \7$a1990-luku$2yso/fin
=650  \7$ahälsovårdstjänster$2yso/swe$0http://www.yso.fi/onto/yso/p3307
=650  \7$ajulkiset palvelut$2yso/fin$0http://www.yso.fi/onto/yso/p1285
=650  \7$akirja-arvostelut$2yso/fin$0http://www.yso.fi/onto/yso/p3537
=650  \7$akommunal ekonomi$2yso/swe$0http://www.yso.fi/onto/yso/p7521
=650  \7$akommuner$2yso/swe$0http://www.yso.fi/onto/yso/p10083
=650  \7$akunnallistalous$2yso/fin$0http://www.yso.fi/onto/yso/p7521
=650  \7$akunnat$2yso/fin$0http://www.yso.fi/onto/yso/p10083
=650  \7$alama$2yso/fin$0http://www.yso.fi/onto/yso/p6174
=650  \7$alitteraturrecensioner$2yso/swe$0http://www.yso.fi/onto/yso/p3537
=650  \7$aoffentlig service$2yso/swe$0http://www.yso.fi/onto/yso/p1285
=650  \7$arakennemuutos$2yso/fin$0http://www.yso.fi/onto/yso/p7301
=650  \7$arecession$2yso/swe$0http://www.yso.fi/onto/yso/p6174
=650  \7$asocial service$2yso/swe$0http://www.yso.fi/onto/yso/p1307
=650  \7$asosiaalipalvelut$2yso/fin$0http://www.yso.fi/onto/yso/p1307
=650  \7$astrukturomvandling$2yso/swe$0http://www.yso.fi/onto/yso/p7301
=650  \7$aterveyspalvelut$2yso/fin$0http://www.yso.fi/onto/yso/p3307
=650  \7$aReview$2ELB-g
=653  \0$amuutokset
=773  0\$w(FI-MELINDA)003108541$7nnas$w(FI-Arto)1387771$tKunnallistieteellinen aikakauskirja. -$x0356-3669. -$dHelsinki : Kunnallistieteen yhdistys. -$g22 (1995) : 3, s. 262-263$q0003$sKunnallistieteellinen aikakauskirja (Painettu)
=787  08$iArvosteltu teos:$tHallittu muutos sosiaali- ja terveydenhuollossa? Kunnallisen sosiaali- ja terveydenhuollon muutos ja muutoksen hallinta 1900-luvun alkuvuosina$aSakari Hänninen & Juhani Iivari & Juhani Lehto.$dHelsini, 1995
=960  \\$aARTO
=995  \\$aKansalliskirjasto$bValt$5ARTO

