=LDR  02427cab a22004454i 4500
=001  a012296760
=003  FI-MELINDA
=005  20191015203247.0
=008  951220s1995\\\\fi\|||||\||||||||||0fin||
=035  \\$a(FI-MELINDA)012296760
=041  0\$afin
=080  \\$a504.06$x(480.4)
=100  1\$aKaivo-Oja, Jari.
=245  10$aKirja-arvostelut /$cJari Kaivo-oja.
=336  \\$ateksti$btxt$2rdacontent
=337  \\$akäytettävissä ilman laitetta$bn$2rdamedia
=380  \\$akirja-arvostelu
=380  \\$iMajor genre$aSecondary literature$leng
=600  14$aLuukkanen, Jyrki$d(1953- )$tTampereen kaupungin hiilidioksiditase.$1http://viaf.org/viaf/275148995744559750422
=600  14$aRistolainen, Martti.$tTampereen kaupungin hiilidioksiditase.
=630  04$aYmpäristöpolitiikan tila Tampereella.
=650  \7$ahiilidioksidi$2yso/fin$0http://www.yso.fi/onto/yso/p4728
=650  \7$ailman saastuminen$2yso/fin$0http://www.yso.fi/onto/yso/p5030
=650  \7$akirja-arvostelut$2yso/fin$0http://www.yso.fi/onto/yso/p3537
=650  \7$akoldioxid$2yso/swe$0http://www.yso.fi/onto/yso/p4728
=650  \7$alitteraturrecensioner$2yso/swe$0http://www.yso.fi/onto/yso/p3537
=650  \7$aluftförorening$2yso/swe$0http://www.yso.fi/onto/yso/p5030
=650  \7$amiljöforskning$2yso/swe$0http://www.yso.fi/onto/yso/p10900
=650  \7$amiljöpolitik$2yso/swe$0http://www.yso.fi/onto/yso/p9678
=650  \7$aympäristöntutkimus$2yso/fin$0http://www.yso.fi/onto/yso/p10900
=650  \7$aympäristöpolitiikka$2yso/fin$0http://www.yso.fi/onto/yso/p9678
=650  \7$aReview$2ELB-g
=651  \7$aTammerfors$2yso/swe$0http://www.yso.fi/onto/yso/p94436
=651  \7$aTampere$2yso/fin$0http://www.yso.fi/onto/yso/p94436
=740  0\$aTampereella panostetaan monipuoliseen ja laadukkaaseen ympäristötutkimukseen.
=773  0\$w(FI-MELINDA)003108541$7nnas$w(FI-Arto)1387771$tKunnallistieteellinen aikakauskirja. -$x0356-3669. -$dHelsinki : Kunnallistieteen yhdistys. -$g22 (1995) : 3, s. 263-266$q0003$sKunnallistieteellinen aikakauskirja (Painettu)
=787  08$iArvosteltu teos:$tTampereen kaupungin hiilidioksiditase$aMartti Ristolainen & Jyrki Luukkanen.$dTampere, 1995
=787  08$iArvosteltu teos:$tYmpäristöpolitiikan tila Tampereella. Se on pieniä askelia...$aAri Jääskeläinen & Martti Ristolainen & Kaisa Littunen & Jyrki Luukkanen.$dTampere, 1994
=960  \\$aARTO
=995  \\$aKansalliskirjasto$bValt$5ARTO

