=LDR  01508cab a22003374i 4500
=001  a012296762
=003  FI-MELINDA
=005  20191015203250.0
=008  951220s1995\\\\fi\|||||\||||||||||0fin||
=035  \\$a(FI-MELINDA)012296762
=041  0\$afin
=080  \\$a336.12 : 352
=080  \\$a336.126
=100  1\$aTuittu, Hannu.
=245  10$aKirja-arvostelut /$cHannu Tuittu.
=336  \\$ateksti$btxt$2rdacontent
=337  \\$akäytettävissä ilman laitetta$bn$2rdamedia
=380  \\$akirja-arvostelu
=380  \\$iMajor genre$aSecondary literature$leng
=600  14$aVuorinen, Erkki.$tTilintarkastus uudessa kunnalliskulttuurissa.
=650  \7$akirja-arvostelut$2yso/fin$0http://www.yso.fi/onto/yso/p3537
=650  \7$akommunal ekonomi$2yso/swe$0http://www.yso.fi/onto/yso/p7521
=650  \7$akunnallistalous$2yso/fin$0http://www.yso.fi/onto/yso/p7521
=650  \7$alitteraturrecensioner$2yso/swe$0http://www.yso.fi/onto/yso/p3537
=650  \7$arevision$2yso/swe$0http://www.yso.fi/onto/yso/p2690
=650  \7$atilintarkastus$2yso/fin$0http://www.yso.fi/onto/yso/p2690
=650  \7$aReview$2ELB-g
=773  0\$w(FI-MELINDA)003108541$7nnas$w(FI-Arto)1387771$tKunnallistieteellinen aikakauskirja. -$x0356-3669. -$dHelsinki : Kunnallistieteen yhdistys. -$g22 (1995) : 3, s. 263-266$q0003$sKunnallistieteellinen aikakauskirja (Painettu)
=787  08$iArvosteltu teos:$tTilintarkastus uudessa kunnalliskulttuurissa$aErkki Vuorinen.$dTurku, 1995
=960  \\$aARTO
=995  \\$aKansalliskirjasto$bValt$5ARTO

