=LDR  01150cab a22002894i 4500
=001  a012296764
=003  FI-MELINDA
=005  20191015203253.0
=008  951220s1995\\\\fi\|||||\||||||||||0fin||
=035  \\$a(FI-MELINDA)012296764
=041  0\$afin
=080  \\$a630
=100  1\$aKoskiranta, Katarina$1http://viaf.org/viaf/413149106003968490103
=245  10$aMetsää etsimässä.
=336  \\$ateksti$btxt$2rdacontent
=337  \\$akäytettävissä ilman laitetta$bn$2rdamedia
=380  \\$akirja-arvostelu
=380  \\$iMajor genre$aSecondary literature$leng
=490  0\$aKatsauksia
=630  04$aMetsää etsimässä.
=650  \7$akirja-arvostelut$2yso/fin$0http://www.yso.fi/onto/yso/p3537
=650  \7$alitteraturrecensioner$2yso/swe$0http://www.yso.fi/onto/yso/p3537
=650  \7$aReview$2ELB-g
=773  0\$w(FI-MELINDA)009321618$7nnas$w(FI-Arto)1386023$tHiidenkivi : suomalainen kulttuurilehti. -$x1236-794X. -$dHelsinki : Painatuskeskus. -$g2 (1995) : 6, s. 35$q0006$sHiidenkivi
=787  08$iArvosteltu teos:$tMetsää etsimässä$atoimittanut Leena Paaskoski.$dPunkaharju, 1995
=960  \\$aARTO
=995  \\$aKansalliskirjasto$bPeri$5ARTO

