=LDR  01162cab a22002894i 4500
=001  a012296765
=003  FI-MELINDA
=005  20191015203255.0
=008  951220s1995\\\\fi\|||||\||||||||||0fin||
=035  \\$a(FI-MELINDA)012296765
=041  0\$afin
=080  \\$a948.0
=100  1\$aKeskinen, Kimmo.
=245  10$aJämsän kauhun aika.
=336  \\$ateksti$btxt$2rdacontent
=337  \\$akäytettävissä ilman laitetta$bn$2rdamedia
=380  \\$akirja-arvostelu
=380  \\$iMajor genre$aSecondary literature$leng
=490  0\$aKatsauksia
=600  14$aRislakki, Jukka.$tKauhun aika.
=650  \7$akirja-arvostelut$2yso/fin$0http://www.yso.fi/onto/yso/p3537
=650  \7$alitteraturrecensioner$2yso/swe$0http://www.yso.fi/onto/yso/p3537
=650  \7$aReview$2ELB-g
=773  0\$w(FI-MELINDA)009321618$7nnas$w(FI-Arto)1386023$tHiidenkivi : suomalainen kulttuurilehti. -$x1236-794X. -$dHelsinki : Painatuskeskus. -$g2 (1995) : 6, s. 36$q0006$sHiidenkivi
=787  08$iArvosteltu teos:$tKauhun aika : neljä väkivallan kuukautta keskisuomalaisessa jokilaaksossa$aJukka Rislakki.$dTampere , 1995
=960  \\$aARTO
=995  \\$aKansalliskirjasto$bHYjulki$bPeri$5ARTO

