=LDR  01283cab a22002774i 4500
=001  a012296828
=003  FI-MELINDA
=005  20191015203423.0
=008  951220s1995\\\\fi\|||||\||||||||||0fin||
=035  \\$a(FI-MELINDA)012296828
=041  0\$afin
=080  \\$a374
=100  1\$aSilvennoinen, Pentti.
=245  10$aOpistojen perimmäiset kysymykset vailla ratkaisua.
=336  \\$ateksti$btxt$2rdacontent
=337  \\$akäytettävissä ilman laitetta$bn$2rdamedia
=380  \\$akirja-arvostelu
=380  \\$iMajor genre$aSecondary literature$leng
=600  14$aSihvonen, Juha$tOnko vapaat sivistystyöt tehty?.$1http://viaf.org/viaf/217126912
=650  \7$akirja-arvostelut$2yso/fin$0http://www.yso.fi/onto/yso/p3537
=650  \7$alitteraturrecensioner$2yso/swe$0http://www.yso.fi/onto/yso/p3537
=650  \7$aReview$2ELB-g
=773  0\$w(FI-MELINDA)003109153$7nnas$w(FI-Arto)1389046$tAikuiskasvatus : Aikuiskasvatustieteellinen aikakauslehti. -$x0358-6197. -$dHelsinki : Kansanvalistusseura. -$g15 (1995) : 3, s. 216-219$q0003$sAikuiskasvatus (Painettu)
=787  08$iArvosteltu teos:$tOnko vapaat sivistystyöt tehty? Tutkimus kansalaisopistojen sopeutumisesta yhteiskunnallisiin muutoksiin$aJuha Sihvonen.$dTampere, 1993
=960  \\$aARTO
=995  \\$aKansalliskirjasto$bKasva$5ARTO

