=LDR  01238cab a22002894i 4500
=001  a012296831
=003  FI-MELINDA
=005  20191015203429.0
=008  951220s1995\\\\fi\|||||\||||||||||0fin||
=035  \\$a(FI-MELINDA)012296831
=041  0\$afin
=080  \\$a374
=100  1\$aJulin, Tuuli.
=245  10$aYhteistyö ei tule annettuna - se on opittava.
=336  \\$ateksti$btxt$2rdacontent
=337  \\$akäytettävissä ilman laitetta$bn$2rdamedia
=380  \\$akirja-arvostelu
=380  \\$iMajor genre$aSecondary literature$leng
=600  14$aAbsetz, Brad,.-$d(19- )$tTehdään porukalla.$1http://viaf.org/viaf/866144647706823700222
=650  \7$akirja-arvostelut$2yso/fin$0http://www.yso.fi/onto/yso/p3537
=650  \7$alitteraturrecensioner$2yso/swe$0http://www.yso.fi/onto/yso/p3537
=650  \7$aReview$2ELB-g
=700  1\$aLahtinen, Tuula.
=773  0\$w(FI-MELINDA)003109153$7nnas$w(FI-Arto)1389046$tAikuiskasvatus : Aikuiskasvatustieteellinen aikakauslehti. -$x0358-6197. -$dHelsinki : Kansanvalistusseura. -$g15 (1995) : 3, s. 219-220$q0003$sAikuiskasvatus (Painettu)
=787  08$iArvosteltu teos:$tTehdään porukalla - yhteistyön käsikirja$aBrad Absetz, 1994
=960  \\$aARTO
=995  \\$aKansalliskirjasto$bKasva$5ARTO

