=LDR  01797cab a22003854i 4500
=001  a012296857
=003  FI-MELINDA
=005  20201105220433.0
=008  951221s1995\\\\fi\|||||\||||||||||0fin||
=035  \\$a(FI-MELINDA)012296857
=041  0\$afin
=080  \\$a28/29
=080  \\$a291.15
=100  1\$aWilenius, Reijo$d(1930- )$1http://viaf.org/viaf/39391107
=245  10$aKatsomukset kohtaavat /$cReijo Wilenius.
=336  \\$ateksti$btxt$2rdacontent
=337  \\$akäytettävissä ilman laitetta$bn$2rdamedia
=380  \\$akirja-arvostelu
=380  \\$iMajor genre$aSecondary literature$leng
=600  14$aNurmi, Suvielise.
=650  \7$akirja-arvostelut$2yso/fin$0http://www.yso.fi/onto/yso/p3537
=650  \7$alitteraturrecensioner$2yso/swe$0http://www.yso.fi/onto/yso/p3537
=650  \7$amaailmankatsomus$2yso/fin$0http://www.yso.fi/onto/yso/p215
=650  \7$areligion och religioner$2yso/swe$0http://www.yso.fi/onto/yso/p2921
=650  \7$areligiösa rörelser$2yso/swe$0http://www.yso.fi/onto/yso/p4851
=650  \7$areligiösa samfund$2yso/swe$0http://www.yso.fi/onto/yso/p5605
=650  \7$auskonnolliset liikkeet$2yso/fin$0http://www.yso.fi/onto/yso/p4851
=650  \7$auskonnolliset yhteisöt$2yso/fin$0http://www.yso.fi/onto/yso/p5605
=650  \7$auskonto ja uskonnot$2yso/fin$0http://www.yso.fi/onto/yso/p2921
=650  \7$avärldsåskådning$2yso/swe$0http://www.yso.fi/onto/yso/p215
=650  \7$aReview$2ELB-g
=773  0\$7nnas$w(FI-MELINDA)000828754$w(FI-Arto)56745$tTakoja : antroposofinen kulttuurilehti. -$x1239-3142. -$dHelsinki : Suomen antroposofinen liitto ry.. -$g23 (1995) : 3, s. 13$q0003$sTakoja (Helsinki)
=787  08$iArvosteltu teos:$tKatsomukset kohtaavat$aSuvielise Nurmi.$dHki, 1994
=960  \\$aARTO
=995  \\$aKansalliskirjasto$bReli$5ARTO

