=LDR  01112cab a22002534i 4500
=001  a012296964
=003  FI-MELINDA
=005  20191015203726.0
=008  951221s1995\\\\fi\|||||\||||||||||0fin||
=035  \\$a(FI-MELINDA)012296964
=041  0\$afin
=100  1\$aNyytäjä, Outi$1http://viaf.org/viaf/77334686
=245  10$aDraamaa hengiltä :$bsuomalaisia syksynäytelmiä.
=336  \\$ateksti$btxt$2rdacontent
=337  \\$akäytettävissä ilman laitetta$bn$2rdamedia
=650  \7$aanalys$2yso/swe$0http://www.yso.fi/onto/yso/p6851
=650  \7$aanalyysi$2yso/fin$0http://www.yso.fi/onto/yso/p6851
=650  \7$akirjoittaminen$2yso/fin$0http://www.yso.fi/onto/yso/p2512
=650  \7$anäytelmät$2yso/fin$0http://www.yso.fi/onto/yso/p5000
=650  \7$askrivande$2yso/swe$0http://www.yso.fi/onto/yso/p2512
=650  \7$askådespel$2yso/swe$0http://www.yso.fi/onto/yso/p5000
=773  0\$w(FI-MELINDA)006438393$7nnas$w(FI-Arto)1388995$tTeatteri. -$x0492-4401. -$dHelsinki : Kustannus oy Teatteri. -$g50 (1995) : 8, s. 16-20$q0008$sTeatteri (Helsinki. 1945)
=960  \\$aARTO
=995  \\$aKansalliskirjasto$bTeat$5ARTO

