=LDR  01354cab a22003254i 4500
=001  a012296987
=003  FI-MELINDA
=005  20191015203801.0
=008  951221s1995\\\\fi\|||||\||||||||||0fin||
=035  \\$a(FI-MELINDA)012296987
=041  0\$afin
=080  \\$a264
=080  \\$a910.4
=100  1\$aMalinen, Anja.
=245  10$aMatkapappi Kauko Ivanoffin matkassa Kiimasjärvellä.
=336  \\$ateksti$btxt$2rdacontent
=337  \\$akäytettävissä ilman laitetta$bn$2rdamedia
=600  14$aIvanoff, Kauko.
=650  \7$agudstjänst$2yso/swe$0http://www.yso.fi/onto/yso/p15215
=650  \7$ajumalanpalvelus$2yso/fin$0http://www.yso.fi/onto/yso/p15215
=650  \7$amatkakertomukset$2yso/fin$0http://www.yso.fi/onto/yso/p5977
=650  \7$areseberättelser$2yso/swe$0http://www.yso.fi/onto/yso/p5977
=651  \7$aKarelen$2yso/swe$0http://www.yso.fi/onto/yso/p94192
=651  \7$aKarjala$2yso/fin$0http://www.yso.fi/onto/yso/p94192
=651  \7$aKiimasjärvi$2yso/fin$0http://www.yso.fi/onto/yso/p219244
=651  \7$aKiimasjärvi$2yso/swe$0http://www.yso.fi/onto/yso/p219244
=773  0\$w(FI-MELINDA)000076393$7nnas$w(FI-Arto)1386633$tKarjalan heimo. -$x0449-8828. -$dHelsinki : Karjalan sivistysseura. -$g79 (1995) : 11-12, s. 170-171$q0011$sKarjalan heimo
=850  \\$aFI-Jo$5ARTO
=960  \\$aARTO
=995  \\$aKansalliskirjasto$bCarel$5ARTO

