=LDR  01186cab a22002774i 4500
=001  a012297019
=003  FI-MELINDA
=005  20191015203848.0
=008  951222s1995\\\\fi\|||||\||||||||||0fin||
=035  \\$a(FI-MELINDA)012297019
=041  0\$afin
=100  1\$aSavolainen, Riitta.
=245  10$aYksi vai monta kuningatarta? :$bkirja-arvostelu /$cRiitta Savolainen.
=336  \\$ateksti$btxt$2rdacontent
=337  \\$akäytettävissä ilman laitetta$bn$2rdamedia
=380  \\$akirja-arvostelu
=380  \\$iMajor genre$aSecondary literature$leng
=600  14$aKeller, Laurent.$tQueen number and sociality in insects.
=650  \7$akirja-arvostelut$2yso/fin$0http://www.yso.fi/onto/yso/p3537
=650  \7$alitteraturrecensioner$2yso/swe$0http://www.yso.fi/onto/yso/p3537
=650  \7$aReview$2ELB-g
=773  0\$w(FI-MELINDA)000067746$7nnas$w(FI-Arto)1388979$tLuonnon tutkija. -$x0024-7383. -$dHelsinki : Suomen biologian seura Vanamo. -$g99 (1995) : 3, s. 107-108$q0003$sLuonnon tutkija
=787  08$iArvosteltu teos:$tQueen number and sociality in insects$aLaurent Keller (toim.).$dOxford, 1993
=850  \\$aFI-Hul$5ARTO
=960  \\$aARTO
=995  \\$aKansalliskirjasto$bBiot$bViik$5ARTO

