=LDR  01576cab a22003494i 4500
=001  a012297032
=003  FI-MELINDA
=005  20190704132637.0
=008  951222s1995\\\\fi\|||||\||||||||||0fin||
=035  \\$a(FI-MELINDA)012297032
=041  0\$afin
=080  \\$a908 Kostamus
=245  00$aKostamuksen historiaa 1700-luvulta lähtien.
=336  \\$ateksti$btxt$2rdacontent
=337  \\$akäytettävissä ilman laitetta$bn$2rdamedia
=380  \\$akirja-arvostelu
=380  \\$iMajor genre$aSecondary literature$leng
=600  14$aIljuhina, Olga.$tIstorija Kostamuksii.
=650  \7$ahistoria$2yso/fin$0http://www.yso.fi/onto/yso/p1780
=650  \7$ahistoria$2yso/swe$0http://www.yso.fi/onto/yso/p1780
=650  \7$akirja-arvostelut$2yso/fin$0http://www.yso.fi/onto/yso/p3537
=650  \7$alitteraturrecensioner$2yso/swe$0http://www.yso.fi/onto/yso/p3537
=650  \7$alokalhistoriker$2yso/swe$0http://www.yso.fi/onto/yso/p1779
=650  \7$apaikallishistoriat (historiikit)$2yso/fin$0http://www.yso.fi/onto/yso/p1779
=650  \7$aReview$2ELB-g
=651  \7$aKostamus$2yso/fin$0http://www.yso.fi/onto/yso/p108262
=651  \7$aKostamus$2yso/swe$0http://www.yso.fi/onto/yso/p108262
=773  0\$w(FI-MELINDA)000076393$7nnas$w(FI-Arto)1386633$tKarjalan heimo. -$x0449-8828. -$dHelsinki : Karjalan sivistysseura. -$g79 (1995) : 11-12, s. 180$q0011$sKarjalan heimo
=787  08$iArvosteltu teos:$tIstorija Kostamuksii : dokumenti i materiali$aOlga Iljuhina ... et al..$dPetroskoi, 1994
=850  \\$aFI-Jo$5ARTO
=960  \\$aARTO
=995  \\$aKansalliskirjasto$bCarel$5ARTO

