=LDR  01350cab a22003134i 4500
=001  a012297184
=003  FI-MELINDA
=005  20191015204223.0
=008  951227s1995\\\\fi\|||||\||||||||||0fin||
=035  \\$a(FI-MELINDA)012297184
=041  0\$afin
=100  1\$aKarjalainen, Pauli Tapani.
=245  10$aKulttuurinen maantiede, nyt.
=336  \\$ateksti$btxt$2rdacontent
=337  \\$akäytettävissä ilman laitetta$bn$2rdamedia
=380  \\$akirja-arvostelu
=380  \\$iMajor genre$aSecondary literature$leng
=600  14$aHannam, Kevin.
=600  14$aShurmer-Smith, Pamela.
=650  \7$akirja-arvostelut$2yso/fin$0http://www.yso.fi/onto/yso/p3537
=650  \7$akulttuurimaantiede$2yso/fin$0http://www.yso.fi/onto/yso/p2220
=650  \7$akulturgeografi$2yso/swe$0http://www.yso.fi/onto/yso/p2220
=650  \7$alitteraturrecensioner$2yso/swe$0http://www.yso.fi/onto/yso/p3537
=650  \7$aReview$2ELB-g
=773  0\$w(FI-MELINDA)005086527$7nnas$w(FI-Arto)1388310$tAlue ja ympäristö. -$x1235-4554. -$dHelsinki : Suunnittelumaantieteen yhdistys. -$g24 (1995) : 1, s. 94-96$q0001$sAlue ja ympäristö (Painettu)
=787  08$iArvosteltu teos:$tWorlds of desire, realms of power : a cultural geography$aPamela Shurmer-Smith & Kevin Hannam.$dLondon ..., 1994
=850  \\$aFI-TYK$5ARTO
=960  \\$aARTO
=995  \\$aKansalliskirjasto$bBiot$5ARTO

