=LDR  01329cab a22003014i 4500
=001  a012297185
=003  FI-MELINDA
=005  20191015204225.0
=008  951227s1995\\\\fi\|||||\||||||||||0fin||
=035  \\$a(FI-MELINDA)012297185
=041  0\$afin
=100  1\$aLuoto, Ilkka$1http://viaf.org/viaf/6158003847601882618
=245  10$aTuhatjärvinen ja hymyilevän alligaattorin estetiikkaa.
=336  \\$ateksti$btxt$2rdacontent
=337  \\$akäytettävissä ilman laitetta$bn$2rdamedia
=380  \\$akirja-arvostelu
=380  \\$iMajor genre$aSecondary literature$leng
=600  14$aSepänmaa, Yrjö.
=650  \7$akirja-arvostelut$2yso/fin$0http://www.yso.fi/onto/yso/p3537
=650  \7$alitteraturrecensioner$2yso/swe$0http://www.yso.fi/onto/yso/p3537
=650  \7$aReview$2ELB-g
=653  \0$aympäristötiede
=773  0\$w(FI-MELINDA)005086527$7nnas$w(FI-Arto)1388310$tAlue ja ympäristö. -$x1235-4554. -$dHelsinki : Suunnittelumaantieteen yhdistys. -$g24 (1995) : 1, s. 97-103$q0001$sAlue ja ympäristö (Painettu)
=787  08$iArvosteltu teos:$tAlligaattorin hymy, ympäristöestetiikan uusi aalto$aYrjö Sepänmaa (toim.), 1994
=787  08$iArvosteltu teos:$tTuhatjärvinen, esseitä ympäristökulttuurista$aYrjö Sepänmaa, 1994
=850  \\$aFI-TYK$5ARTO
=960  \\$aARTO
=995  \\$aKansalliskirjasto$bBiot$5ARTO

