=LDR  01320cab a22003014i 4500
=001  a012297207
=003  FI-MELINDA
=005  20201103034331.0
=008  951227s1995\\\\fi\|||||\||||||||||0fin||
=035  \\$a(FI-MELINDA)012297207
=041  0\$afin
=080  \\$a910.4$x(480.8)
=100  1\$aKiema, Olavi.
=245  10$aHarlulaisten retki Lappajärvelle.
=336  \\$ateksti$btxt$2rdacontent
=337  \\$akäytettävissä ilman laitetta$bn$2rdamedia
=650  \7$aevakuering$2yso/swe$0http://www.yso.fi/onto/yso/p8436
=650  \7$aevakuointi$2yso/fin$0http://www.yso.fi/onto/yso/p8436
=650  \7$akarelare$2yso/swe$0http://www.yso.fi/onto/yso/p13373
=650  \7$akarjalaiset$2yso/fin$0http://www.yso.fi/onto/yso/p13373
=650  \7$amatkakertomukset$2yso/fin$0http://www.yso.fi/onto/yso/p5977
=650  \7$areseberättelser$2yso/swe$0http://www.yso.fi/onto/yso/p5977
=651  \7$aLappajärvi (kommun)$2yso/swe$0http://www.yso.fi/onto/yso/p94254
=651  \7$aLappajärvi (kunta)$2yso/fin$0http://www.yso.fi/onto/yso/p94254
=773  0\$7nnas$w(FI-MELINDA)000674968$w(FI-Arto)1386639$tNuori Karjala. -$x0355-4473. -$dKuopio : Laatokan Karjalan nuorisoseurojen liitto. -$g60 (1995) : 11, s. 220$q0011$sNuori Karjala (Sortavala)
=850  \\$aFI-Jo$5ARTO
=960  \\$aARTO
=995  \\$aKansalliskirjasto$bCarel$5ARTO

