=LDR  01332cab a22003134i 4500
=001  a012297210
=003  FI-MELINDA
=005  20191015204257.0
=008  951227s1995\\\\fi\|||||\||||||||||0fin||
=035  \\$a(FI-MELINDA)012297210
=041  0\$afin
=080  \\$a910.4$x(470.22)
=100  1\$aViitakangas, Elli.
=245  10$aMatkalla Itä-Karjalassa.
=336  \\$ateksti$btxt$2rdacontent
=337  \\$akäytettävissä ilman laitetta$bn$2rdamedia
=650  \7$akarelare$2yso/swe$0http://www.yso.fi/onto/yso/p13373
=650  \7$akarjalaiset$2yso/fin$0http://www.yso.fi/onto/yso/p13373
=650  \7$amatkakertomukset$2yso/fin$0http://www.yso.fi/onto/yso/p5977
=650  \7$amemoarer$2yso/swe$0http://www.yso.fi/onto/yso/p8111
=650  \7$amuistelmat$2yso/fin$0http://www.yso.fi/onto/yso/p8111
=650  \7$areseberättelser$2yso/swe$0http://www.yso.fi/onto/yso/p5977
=651  \7$aItä-Karjala$2yso/fin$0http://www.yso.fi/onto/yso/p105073
=651  \7$aÖstkarelen$2yso/swe$0http://www.yso.fi/onto/yso/p105073
=653  \5$aKarhumäki
=773  0\$w(FI-MELINDA)000674968$7nnas$w(FI-Arto)1386639$tNuori Karjala. -$x0355-4473. -$dKuopio : Laatokan Karjalan nuorisoseurojen liitto. -$g60 (1995) : 11, s. 221-222$q0011$sNuori Karjala (Sortavala)
=850  \\$aFI-Jo$5ARTO
=960  \\$aARTO
=995  \\$aKansalliskirjasto$bCarel$5ARTO

