=LDR  01328cab a22003014i 4500
=001  a012297214
=003  FI-MELINDA
=005  20210114222616.0
=008  951227s1995\\\\fi\|||||\||||||||||0fin||
=035  \\$a(FI-MELINDA)012297214
=041  0\$afin
=080  \\$a37
=100  1\$aWilenius, Reijo$d(1930- )$1http://viaf.org/viaf/39391107
=245  10$aPohtivaa kasvatustiedettä /$cReijo Wilenius.
=336  \\$ateksti$btxt$2rdacontent
=337  \\$akäytettävissä ilman laitetta$bn$2rdamedia
=380  \\$akirja-arvostelu
=380  \\$iMajor genre$aSecondary literature$leng
=600  14$aKoski, Jussi T..$tHorisonttien sulautumisia.
=650  \7$akasvatustiede$2yso/fin$0http://www.yso.fi/onto/yso/p4537
=650  \7$akirja-arvostelut$2yso/fin$0http://www.yso.fi/onto/yso/p3537
=650  \7$alitteraturrecensioner$2yso/swe$0http://www.yso.fi/onto/yso/p3537
=650  \7$apedagogik (vetenskaper)$2yso/swe$0http://www.yso.fi/onto/yso/p4537
=650  \7$aReview$2ELB-g
=773  0\$7nnas$w(FI-MELINDA)000828754$w(FI-Arto)56745$tTakoja : antroposofinen kulttuurilehti. -$x1239-3142. -$dHelsinki : Suomen antroposofinen liitto ry.. -$g23 (1995) : 4, s. 38-39$q0004$sTakoja (Helsinki)
=787  08$iArvosteltu teos:$tHorisonttien sulautumisia$aJussi T. Koski.$dHki, 1995
=960  \\$aARTO
=995  \\$aKansalliskirjasto$bReli$5ARTO

