=LDR  01336cab a22003254i 4500
=001  a012297222
=003  FI-MELINDA
=005  20191015204314.0
=008  951227s1995\\\\fi\|||||\||||||||||0fin||
=035  \\$a(FI-MELINDA)012297222
=041  0\$afin
=080  \\$a910.4$x(470.22)
=080  \\$a929 Tiainen
=100  1\$aTiainen, Jari.
=245  10$aKesällä Laatokalla.
=336  \\$ateksti$btxt$2rdacontent
=337  \\$akäytettävissä ilman laitetta$bn$2rdamedia
=600  14$aTiainen, Jari.
=650  \7$afiske$2yso/swe$0http://www.yso.fi/onto/yso/p1686
=650  \7$akalastus$2yso/fin$0http://www.yso.fi/onto/yso/p1686
=650  \7$amatkakertomukset$2yso/fin$0http://www.yso.fi/onto/yso/p5977
=650  \7$areseberättelser$2yso/swe$0http://www.yso.fi/onto/yso/p5977
=651  \7$aKarelen$2yso/swe$0http://www.yso.fi/onto/yso/p94192
=651  \7$aKarjala$2yso/fin$0http://www.yso.fi/onto/yso/p94192
=651  \7$aLaatokka$2yso/fin$0http://www.yso.fi/onto/yso/p105155
=651  \7$aLadoga$2yso/swe$0http://www.yso.fi/onto/yso/p105155
=773  0\$w(FI-MELINDA)000674968$7nnas$w(FI-Arto)1386639$tNuori Karjala. -$x0355-4473. -$dKuopio : Laatokan Karjalan nuorisoseurojen liitto. -$g60 (1995) : 11, s.228-230$q0011$sNuori Karjala (Sortavala)
=850  \\$aFI-Jo$5ARTO
=960  \\$aARTO
=995  \\$aKansalliskirjasto$bCarel$5ARTO

