=LDR  01207cab a22002894i 4500
=001  a012297232
=003  FI-MELINDA
=005  20191015204330.0
=008  951227s1995\\\\fi\|||||\||||||||||0fin||
=035  \\$a(FI-MELINDA)012297232
=041  0\$afin
=080  \\$a631.58
=100  1\$aHovi, Antti.
=245  10$aLuonnon päiväkirja 1996 /$cAntti Hovi.
=336  \\$ateksti$btxt$2rdacontent
=337  \\$akäytettävissä ilman laitetta$bn$2rdamedia
=380  \\$akirja-arvostelu
=380  \\$iMajor genre$aSecondary literature$leng
=630  04$aKylvö- ja korjuu : luonnonpäiväkirja 1996.
=650  \7$abiodynaaminen viljely$2yso/fin$0http://www.yso.fi/onto/yso/p14642
=650  \7$abiodynamisk odling$2yso/swe$0http://www.yso.fi/onto/yso/p14642
=650  \7$akirja-arvostelut$2yso/fin$0http://www.yso.fi/onto/yso/p3537
=650  \7$alitteraturrecensioner$2yso/swe$0http://www.yso.fi/onto/yso/p3537
=650  \7$aReview$2ELB-g
=773  0\$w(FI-MELINDA)000828754$7nnas$w(FI-Arto)56745$tTakoja : antroposofinen kulttuurilehti. -$x1239-3142. -$dHelsinki : Suomen antroposofinen liitto ry.. -$g23 (1995) : 4, s. 39$q0004$sTakoja (Helsinki)
=960  \\$aARTO
=995  \\$aKansalliskirjasto$bHYjulki$bReli$5ARTO

