=LDR  01866cab a22003974i 4500
=001  a012297267
=003  FI-MELINDA
=005  20191015204421.0
=008  951227s1995\\\\fi\|||||\||||||||||0fin||
=035  \\$a(FI-MELINDA)012297267
=041  0\$afin
=080  \\$a639.2$x(480&7)$x(091)
=084  \\$a99.2$2ykl
=100  1\$aAlanen, Maria.
=245  10$aOmia muistelmia Laatokan Karjalan kalastuksesta ja muustakin elämästä noin 60-70 vuoden takaa /$cMaria Alanen.
=336  \\$ateksti$btxt$2rdacontent
=337  \\$akäytettävissä ilman laitetta$bn$2rdamedia
=600  14$aAlanen, Maria.
=650  \7$afiske$2yso/swe$0http://www.yso.fi/onto/yso/p1686
=650  \7$afiskeredskap$2yso/swe$0http://www.yso.fi/onto/yso/p2266
=650  \7$ahistoria$2yso/fin$0http://www.yso.fi/onto/yso/p1780
=650  \7$ahistoria$2yso/swe$0http://www.yso.fi/onto/yso/p1780
=650  \7$akalastus$2yso/fin$0http://www.yso.fi/onto/yso/p1686
=650  \7$akalastusvälineet$2yso/fin$0http://www.yso.fi/onto/yso/p2266
=650  \7$akarelare$2yso/swe$0http://www.yso.fi/onto/yso/p13373
=650  \7$akarjalaiset$2yso/fin$0http://www.yso.fi/onto/yso/p13373
=650  \7$amemoarer$2yso/swe$0http://www.yso.fi/onto/yso/p8111
=650  \7$amuistelmat$2yso/fin$0http://www.yso.fi/onto/yso/p8111
=651  \7$aLaatokan Karjala$2yso/fin$0http://www.yso.fi/onto/yso/p161556
=651  \7$aLaatokka$2yso/fin$0http://www.yso.fi/onto/yso/p105155
=651  \7$aLadoga$2yso/swe$0http://www.yso.fi/onto/yso/p105155
=651  \7$aLadogakarelen$2yso/swe$0http://www.yso.fi/onto/yso/p161556
=773  0\$w(FI-MELINDA)000674968$7nnas$w(FI-Arto)1386639$tNuori Karjala. -$x0355-4473. -$dKuopio : Laatokan Karjalan nuorisoseurojen liitto. -$g60 (1995) : 12, s. 244-246$q0012$sNuori Karjala (Sortavala)
=850  \\$aFI-Jo$5ARTO
=960  \\$aARTO
=995  \\$aKansalliskirjasto$bLm$5ARTO$bCarel

