=LDR  01122cab a22002894i 4500
=001  a012297272
=003  FI-MELINDA
=005  20191015204425.0
=008  951227s1995\\\\fi\|||||\||||||||||0fin||
=035  \\$a(FI-MELINDA)012297272
=041  0\$afin
=080  \\$a910.4
=080  \\$a916
=100  1\$aBlåsten, Kauko.
=245  10$aMerimies 'kuivilla'.
=336  \\$ateksti$btxt$2rdacontent
=337  \\$akäytettävissä ilman laitetta$bn$2rdamedia
=650  \7$amatkakertomukset$2yso/fin$0http://www.yso.fi/onto/yso/p5977
=650  \7$areseberättelser$2yso/swe$0http://www.yso.fi/onto/yso/p5977
=651  \7$aAfrika$2yso/swe$0http://www.yso.fi/onto/yso/p94080
=651  \7$aAfrikka$2yso/fin$0http://www.yso.fi/onto/yso/p94080
=651  \7$aBotswana$2yso/fin$0http://www.yso.fi/onto/yso/p106268
=651  \7$aBotswana$2yso/swe$0http://www.yso.fi/onto/yso/p106268
=773  0\$w(FI-MELINDA)006260066$7nnas$w(FI-Arto)1387478$tMerimies. -$x0355-872X. -$dHelsinki : Suomen Merimies-Unioni. -$g1995 : 12, s. 12-14$q0012$sMerimies (Painettu)
=850  \\$aFI-TYK$5ARTO
=960  \\$aARTO
=995  \\$aKansalliskirjasto$bMer$5ARTO

