=LDR  01252cab a22003134i 4500
=001  a012297277
=003  FI-MELINDA
=005  20191015204433.0
=008  951227s1995\\\\fi\|||||\||||||||||0fin||
=035  \\$a(FI-MELINDA)012297277
=041  0\$afin
=080  \\$a355.48$x(480&7)
=084  \\$a92.73$2ykl
=100  1\$aJokela, Leo.
=245  10$aJoulu Viipurissa 1939 /$cLeo Jokela.
=336  \\$ateksti$btxt$2rdacontent
=337  \\$akäytettävissä ilman laitetta$bn$2rdamedia
=650  \7$ajoulu$2yso/fin$0http://www.yso.fi/onto/yso/p419
=650  \7$ajul$2yso/swe$0http://www.yso.fi/onto/yso/p419
=650  \7$amemoarer$2yso/swe$0http://www.yso.fi/onto/yso/p8111
=650  \7$amuistelmat$2yso/fin$0http://www.yso.fi/onto/yso/p8111
=650  \7$atalvisota$2yso/fin$0http://www.yso.fi/onto/yso/p8904
=650  \7$avinterkriget$2yso/swe$0http://www.yso.fi/onto/yso/p8904
=651  \7$aViborg$2yso/swe$0http://www.yso.fi/onto/yso/p94486
=651  \7$aViipuri$2yso/fin$0http://www.yso.fi/onto/yso/p94486
=773  0\$w(FI-MELINDA)000674968$7nnas$w(FI-Arto)1386639$tNuori Karjala. -$x0355-4473. -$d1995. -$g1995, n:o 12, s. 254$q0012$sNuori Karjala (Sortavala)
=850  \\$aFI-Jo$5ARTO
=960  \\$aARTO
=995  \\$aKansalliskirjasto$bLm$5ARTO$bCarel

