=LDR  01274cab a22002894i 4500
=001  a012297285
=003  FI-MELINDA
=005  20191015204447.0
=008  951227s1995\\\\fi\|||||\||||||||||0fin||
=035  \\$a(FI-MELINDA)012297285
=041  0\$afin
=080  \\$a355.48$x(480&7)
=245  00$aMatka, joka katkaisi napanuorani Karjalaan.
=336  \\$ateksti$btxt$2rdacontent
=337  \\$akäytettävissä ilman laitetta$bn$2rdamedia
=650  \7$afortsättningskriget$2yso/swe$0http://www.yso.fi/onto/yso/p5943
=650  \7$ajatkosota$2yso/fin$0http://www.yso.fi/onto/yso/p5943
=650  \7$akarelare$2yso/swe$0http://www.yso.fi/onto/yso/p13373
=650  \7$akarjalaiset$2yso/fin$0http://www.yso.fi/onto/yso/p13373
=650  \7$amemoarer$2yso/swe$0http://www.yso.fi/onto/yso/p8111
=650  \7$amuistelmat$2yso/fin$0http://www.yso.fi/onto/yso/p8111
=651  \7$aKarelen$2yso/swe$0http://www.yso.fi/onto/yso/p94192
=651  \7$aKarjala$2yso/fin$0http://www.yso.fi/onto/yso/p94192
=773  0\$w(FI-MELINDA)000674968$7nnas$w(FI-Arto)1386639$tNuori Karjala. -$x0355-4473. -$dKuopio : Laatokan Karjalan nuorisoseurojen liitto. -$g60 (1995) : 12, s. 260-262$q0012$sNuori Karjala (Sortavala)
=850  \\$aFI-Jo$5ARTO
=960  \\$aARTO
=995  \\$aKansalliskirjasto$bCarel$5ARTO

