=LDR  01474cab a22003014i 4500
=001  a012297304
=003  FI-MELINDA
=005  20191015204509.0
=008  951228s1995\\\\fi\|||||\||||||||||0fin||
=035  \\$a(FI-MELINDA)012297304
=041  0\$afin
=100  1\$aBrummer-Korvenkontio, Markus.
=245  10$aPunkit hyökkäävät, pelastukoon ken voi!.
=336  \\$ateksti$btxt$2rdacontent
=337  \\$akäytettävissä ilman laitetta$bn$2rdamedia
=380  \\$akirja-arvostelu
=380  \\$iMajor genre$aSecondary literature$leng
=600  14$aWahlberg, Peter.$tPuutiaisista ja niiden välittämistä taudeista.
=630  04$aApua! punkki: puutiainen ja sen levittämät taudit.
=650  \7$akirja-arvostelut$2yso/fin$0http://www.yso.fi/onto/yso/p3537
=650  \7$alitteraturrecensioner$2yso/swe$0http://www.yso.fi/onto/yso/p3537
=650  \7$aReview$2ELB-g
=773  0\$w(FI-MELINDA)000067746$7nnas$w(FI-Arto)1388979$tLuonnon tutkija. -$x0024-7383. -$dHelsinki : Suomen biologian seura Vanamo. -$g99 (1995) : 3, s. 109-110$q0003$sLuonnon tutkija
=787  08$iArvosteltu teos:$tApua! punkki: puutiainen ja sen levittämät taudit$aTom Ståhlberg, Anssi Junnila ja Erkki Leppäkoski (toim.).$dTurku, 1994
=787  08$iArvosteltu teos:$tPuutiaisista ja niiden välittämistä taudeista: tietoa ja taitoa 'punkeista', Lymen taudista ja TBE:stä$aPeter Wahlberg.$dHelsinki, 1994
=850  \\$aFI-Hul$5ARTO
=960  \\$aARTO
=995  \\$aKansalliskirjasto$bBiot$bViik$5ARTO

