=LDR  01172cab a22002774i 4500
=001  a012297351
=003  FI-MELINDA
=005  20191015204608.0
=008  951228s1995\\\\fi\|||||\||||||||||0fin||
=035  \\$a(FI-MELINDA)012297351
=041  0\$afin
=080  \\$a396
=080  \\$a398
=100  1\$aMäkinen, Kirsti$d(1939- )$1http://viaf.org/viaf/117375183
=245  10$aTuonen tytti, Ilmatar, Louhi :$bnainen on osa kansanuskoamme.
=336  \\$ateksti$btxt$2rdacontent
=337  \\$akäytettävissä ilman laitetta$bn$2rdamedia
=500  \\$aOte esitelmästä Perinteen naiskuva.
=650  \7$aKalevala$2yso/fin$0http://www.yso.fi/onto/yso/p9672
=650  \7$aKalevala$2yso/swe$0http://www.yso.fi/onto/yso/p9672
=650  \7$akvinnor$2yso/swe$0http://www.yso.fi/onto/yso/p16991
=650  \7$anaiset$2yso/fin$0http://www.yso.fi/onto/yso/p16991
=650  \7$anaiset$xkansanperinne$2kula
=773  0\$w(FI-MELINDA)003110603$7nnas$w(FI-Arto)1388942$tPirta : Kalevalaisten naisten liiton jäsenlehti. -$x0783-0424. -$dHelsinki : Kalevalaisten naisten liitto. -$g34 (1995) : 4, s. 4-5$sPirta (Helsinki. 1961. Painettu)
=960  \\$aARTO
=995  \\$aKansalliskirjasto$bPeri$5ARTO

