=LDR  01504cab a22003254i 4500
=001  a012297415
=003  FI-MELINDA
=005  20191015204744.0
=008  951228s1995\\\\fi\|||||\||||||||||0fin||
=035  \\$a(FI-MELINDA)012297415
=041  0\$afin
=100  1\$aHyvönen, Heikki.
=245  10$aNiitä näitä esineellisen kulttuurihistorian alalta.
=336  \\$ateksti$btxt$2rdacontent
=337  \\$akäytettävissä ilman laitetta$bn$2rdamedia
=380  \\$akirja-arvostelu
=380  \\$iMajor genre$aSecondary literature$leng
=600  14$aBäcksbacka, Christina$d(1948- )$tViceamiral Carl Olof Cronstedts hem.$1http://viaf.org/viaf/54257188
=600  14$aCronstedt, Carl Olof.
=650  \7$akirja-arvostelut$2yso/fin$0http://www.yso.fi/onto/yso/p3537
=650  \7$akonsthistoria$2yso/swe$0http://www.yso.fi/onto/yso/p19845
=650  \7$akulttuurihistoria$2yso/fin$0http://www.yso.fi/onto/yso/p18452
=650  \7$akulturhistoria$2yso/swe$0http://www.yso.fi/onto/yso/p18452
=650  \7$alitteraturrecensioner$2yso/swe$0http://www.yso.fi/onto/yso/p3537
=650  \7$ataidehistoria$2yso/fin$0http://www.yso.fi/onto/yso/p19845
=650  \7$aReview$2ELB-g
=773  0\$w(FI-MELINDA)000587965$7nnas$w(FI-Arto)1385385$tSuomen museo. -$x0355-1806. -$dHelsinki : Suomen muinaismuistoyhdistys. -$g102 (1995), s. 131-138$sSuomen museo
=787  08$iArvosteltu teos:$tViceamiral Carl Olof Cronstedts hem$aChristina Bäcksbacka.$dHelsingfors, 1995
=960  \\$aARTO
=995  \\$aKansalliskirjasto$bMuse$5ARTO

