=LDR  02224cab a22004574i 4500
=001  a012297426
=003  FI-MELINDA
=005  20191015204753.0
=008  951229s1995\\\\fi\|||||\||||||||||0fin||
=035  \\$a(FI-MELINDA)012297426
=041  0\$afin
=080  \\$a613.2
=080  \\$a615.8
=100  1\$aNikula, Raimo A.
=245  10$aKirjakatsaus /$cRaimo A. Nikula.
=336  \\$ateksti$btxt$2rdacontent
=337  \\$akäytettävissä ilman laitetta$bn$2rdamedia
=380  \\$akirja-arvostelu
=380  \\$iMajor genre$aSecondary literature$leng
=600  14$aChopra, Deepak.$tTäydellinen terveys.
=650  \7$adieter$2yso/swe$0http://www.yso.fi/onto/yso/p3790
=650  \7$afilosofi$2yso/swe$0http://www.yso.fi/onto/yso/p1056
=650  \7$afilosofia$2yso/fin$0http://www.yso.fi/onto/yso/p1056
=650  \7$ahenkinen hyvinvointi$2yso/fin$0http://www.yso.fi/onto/yso/p1946
=650  \7$ahälsovård$2yso/swe$0http://www.yso.fi/onto/yso/p2641
=650  \7$akirja-arvostelut$2yso/fin$0http://www.yso.fi/onto/yso/p3537
=650  \7$aliikunta$2yso/fin$0http://www.yso.fi/onto/yso/p916
=650  \7$alitteraturrecensioner$2yso/swe$0http://www.yso.fi/onto/yso/p3537
=650  \7$ameditation$2yso/swe$0http://www.yso.fi/onto/yso/p5231
=650  \7$amietiskely$2yso/fin$0http://www.yso.fi/onto/yso/p5231
=650  \7$amotion$2yso/swe$0http://www.yso.fi/onto/yso/p916
=650  \7$apsykiskt välbefinnande$2yso/swe$0http://www.yso.fi/onto/yso/p1946
=650  \7$aruokavaliot$2yso/fin$0http://www.yso.fi/onto/yso/p3790
=650  \7$aterveydenhoito$2yso/fin$0http://www.yso.fi/onto/yso/p2641
=650  \7$aReview$2ELB-g
=651  \7$aIndien$2yso/swe$0http://www.yso.fi/onto/yso/p105027
=651  \7$aIntia$2yso/fin$0http://www.yso.fi/onto/yso/p105027
=773  0\$w(FI-MELINDA)000675733$7nnas$w(FI-Arto)56769$tUltra : kerran kuukaudessa ilmestyvä aikakauslehti, joka kertoo inhimillisen tiedon rajoilla olevista asioista. -$x0357-2846. -$dKylämä : Kustannus Oy Rajatieto. -$g24 (1995) : 1, s. 40$q0001$sUltra
=787  08$iArvosteltu teos:$tTäydellinen terveys : parantava yhteys mielen ja kehon välillä$aDeepak Chopra.$d[Kirkkonummi], 1994
=960  \\$aARTO
=995  \\$aKansalliskirjasto$bReli$5ARTO

