=LDR  01349cab a22003374i 4500
=001  a012297448
=003  FI-MELINDA
=005  20191015204819.0
=008  951229s1995\\\\fi\|||||\||||||||||0fin||
=035  \\$a(FI-MELINDA)012297448
=041  0\$afin
=080  \\$a141.332
=080  \\$a398
=100  1\$aHalme, Juhani.
=245  10$aKalevala ja nykyaika /$cJuhani Halme.
=336  \\$ateksti$btxt$2rdacontent
=337  \\$akäytettävissä ilman laitetta$bn$2rdamedia
=630  04$aKalevala.
=650  \7$afolkdiktning$2yso/swe$0http://www.yso.fi/onto/yso/p1361
=650  \7$akansalliseepokset$2yso/fin$0http://www.yso.fi/onto/yso/p932
=650  \7$akansanrunous$2yso/fin$0http://www.yso.fi/onto/yso/p1361
=650  \7$anationalepos$2yso/swe$0http://www.yso.fi/onto/yso/p932
=650  \7$ateosofi$2yso/swe$0http://www.yso.fi/onto/yso/p10026
=650  \7$ateosofia$2yso/fin$0http://www.yso.fi/onto/yso/p10026
=650  \7$aEpic$2ELB-g
=650  \7$aFolk poetry$2ELB-g
=651  \7$aFinland$2yso/swe$0http://www.yso.fi/onto/yso/p94426
=651  \7$aSuomi$2yso/fin$0http://www.yso.fi/onto/yso/p94426
=773  0\$w(FI-MELINDA)000073844$7nnas$w(FI-Arto)56775$tKristosofi. -$x0355-8266. -$dTampere : Kristosofinen kirjallisuusseura. -$g56 (1995) : 1, s. 23-24$q0001$sKristosofi (Painettu)
=960  \\$aARTO
=995  \\$aKansalliskirjasto$bReli$5ARTO

