=LDR  01276cab a22003014i 4500
=001  a012297513
=003  FI-MELINDA
=005  20191015204950.0
=008  960102s1995\\\\fi\|||||\||||||||||0fin||
=035  \\$a(FI-MELINDA)012297513
=041  0\$afin
=080  \\$a141.332
=100  1\$aKiiski, Raija.
=245  10$aBokrecension - Kirja-arvostelu /$cR. K.
=336  \\$ateksti$btxt$2rdacontent
=337  \\$akäytettävissä ilman laitetta$bn$2rdamedia
=380  \\$akirja-arvostelu
=380  \\$iMajor genre$aSecondary literature$leng
=600  14$aLampinen, Hilkka.$tTarvitaanko uutta elämänymmärrystä?.
=650  \7$akirja-arvostelut$2yso/fin$0http://www.yso.fi/onto/yso/p3537
=650  \7$alitteraturrecensioner$2yso/swe$0http://www.yso.fi/onto/yso/p3537
=650  \7$ateosofi$2yso/swe$0http://www.yso.fi/onto/yso/p10026
=650  \7$ateosofia$2yso/fin$0http://www.yso.fi/onto/yso/p10026
=650  \7$aReview$2ELB-g
=773  0\$w(FI-MELINDA)000073844$7nnas$w(FI-Arto)56775$tKristosofi. -$x0355-8266. -$dTampere : Kristosofinen kirjallisuusseura. -$g56 (1995) : 2, s. 61-62$q0002$sKristosofi (Painettu)
=787  08$iArvosteltu teos:$tTarvitaanko uutta elämänymmärrystä?$aHilkka Lampinen.$d[Tampere], 1994
=960  \\$aARTO
=995  \\$aKansalliskirjasto$bReli$5ARTO

