=LDR  00985cab a22002414i 4500
=001  a012297560
=003  FI-MELINDA
=005  20191015205051.0
=008  960102s1995\\\\fi\|||||\||||||||||0fin||
=035  \\$a(FI-MELINDA)012297560
=041  0\$afin
=080  \\$a141.332
=100  1\$aKesävuori, Jaakko.
=245  10$aKristosofisen kirjallisuuden arvosta /$cJaakko Kesävuori.
=336  \\$ateksti$btxt$2rdacontent
=337  \\$akäytettävissä ilman laitetta$bn$2rdamedia
=650  \7$akirjallisuus$2yso/fin$0http://www.yso.fi/onto/yso/p8113
=650  \7$alitteratur$2yso/swe$0http://www.yso.fi/onto/yso/p8113
=650  \7$ateosofi$2yso/swe$0http://www.yso.fi/onto/yso/p10026
=650  \7$ateosofia$2yso/fin$0http://www.yso.fi/onto/yso/p10026
=773  0\$w(FI-MELINDA)000073844$7nnas$w(FI-Arto)56775$tKristosofi. -$x0355-8266. -$dTampere : Kristosofinen kirjallisuusseura. -$g56 (1995) : 4, s. 111-112$q0004$sKristosofi (Painettu)
=960  \\$aARTO
=995  \\$aKansalliskirjasto$bReli$5ARTO

