=LDR  01008cab a22002654i 4500
=001  a012297587
=003  FI-MELINDA
=005  20191015205126.0
=008  960102s1995\\\\fi\|||||\||||||||||0fin||
=035  \\$a(FI-MELINDA)012297587
=041  0\$afin
=080  \\$a141.332
=080  \\$a398.2
=100  1\$aLampinen, Hilkka.
=245  10$aAhasverus-legenda /$cHilkka Lampinen.
=336  \\$ateksti$btxt$2rdacontent
=337  \\$akäytettävissä ilman laitetta$bn$2rdamedia
=650  \7$alegendat$2yso/fin$0http://www.yso.fi/onto/yso/p4989
=650  \7$alegender$2yso/swe$0http://www.yso.fi/onto/yso/p4989
=650  \7$ateosofi$2yso/swe$0http://www.yso.fi/onto/yso/p10026
=650  \7$ateosofia$2yso/fin$0http://www.yso.fi/onto/yso/p10026
=650  \7$aLegend$2ELB-g
=773  0\$w(FI-MELINDA)000073844$7nnas$w(FI-Arto)56775$tKristosofi. -$x0355-8266. -$dTampere : Kristosofinen kirjallisuusseura. -$g56 (1995) : 5, s. 152-155$q0005$sKristosofi (Painettu)
=960  \\$aARTO
=995  \\$aKansalliskirjasto$bReli$5ARTO

