=LDR  01514cab a22003614i 4500
=001  a012297613
=003  FI-MELINDA
=005  20190704132756.0
=008  960102s1926\\\\fi\|||||\||||||||||0swe||
=035  \\$a(FI-MELINDA)012297613
=041  0\$aswe
=080  \\$a398.2
=080  \\$a940.1
=084  \\$aHIS:5.2$2z
=100  1\$aPetersen, Holger.
=245  10$aFornfranska helgonlegender /$cHolger Petersen.
=336  \\$ateksti$btxt$2rdacontent
=337  \\$akäytettävissä ilman laitetta$bn$2rdamedia
=650  \7$ahelgon$2yso/swe$0http://www.yso.fi/onto/yso/p5832
=650  \7$akeskiaika$2yso/fin$0http://www.yso.fi/onto/yso/p2559
=650  \7$alegendat$2yso/fin$0http://www.yso.fi/onto/yso/p4989
=650  \7$alegender$2yso/swe$0http://www.yso.fi/onto/yso/p4989
=650  \7$amedeltiden$2yso/swe$0http://www.yso.fi/onto/yso/p2559
=650  \7$apyhimykset ja pyhät$2yso/fin$0http://www.yso.fi/onto/yso/p5832
=650  \7$asägner$2yso/swe$0http://www.yso.fi/onto/yso/p4990
=650  \7$atarinat$2yso/fin$0http://www.yso.fi/onto/yso/p4990
=650  \7$aLegend$2ELB-g
=650  \7$aTale$2ELB-g
=651  \7$aFrankrike$2yso/swe$0http://www.yso.fi/onto/yso/p104968
=651  \7$aRanska$2yso/fin$0http://www.yso.fi/onto/yso/p104968
=773  0\$w(FI-MELINDA)003580386$7nnas$w(FI-Arto)1386282$tFinsk tidskrift : kultur, ekonomi, politik. -$x0015-248X. -$dÅbo : Föreningen Granskaren. -$g100 (1926) : 1, s. 47-59$q0001$sFinsk tidskrift (Print)
=960  \\$aARTO
=995  \\$aKansalliskirjasto$bHist$5ARTO

