=LDR  04425cab a22007694i 4500
=001  a012297697
=003  FI-MELINDA
=005  20190704132811.0
=008  960102s1995\\\\fi\|||||\||||\|||||0fin|c
=035  \\$a(FI-MELINDA)012297697
=040  \\$aFI-BTJ
=041  0\$afin
=080  \\$a364.444
=080  \\$a614.253
=080  \\$a616$x-05
=084  \\$a37.23$2ykl
=084  \\$a59.2$2ykl
=100  1\$aMetteri, Anna.
=245  10$aMiksi yksinkertainen on joskus niin vaikeata? : asiantuntijoiden yhteistyö sosiaali- ja terveydenhuollossa.
=246  3\$aAsiantuntijoiden yhteistyö perusterveydenhuollossa : käsityksiä ja arkikäytäntöjä
=336  \\$ateksti$btxt$2rdacontent
=337  \\$akäytettävissä ilman laitetta$bn$2rdamedia
=380  \\$akirja-arvostelu
=380  \\$iMajor genre$aSecondary literature$leng
=600  14$aCarrier, John.
=600  14$aHorder, John.
=600  14$aLaunis, Kirsti$tAsiantuntijoiden yhteistyö perusterveydenhuollossa : käsityksiä ja arkikäytäntöjä.$1http://viaf.org/viaf/60737065
=600  14$aLaunis, Kirsti$tAsiantuntijoiden yhteistyö perusterveydenhuollossa.$1http://viaf.org/viaf/60737065
=600  14$aOwens, Patricia.
=600  14$aOwens, Patricia.$tInterprofessional issues in community.
=630  04$aInterprofessional issues in community & primary health care.
=650  \7$aammattiryhmät$2yso/fin$0http://www.yso.fi/onto/yso/p10139
=650  \7$aarbetsstudier$2yso/swe$0http://www.yso.fi/onto/yso/p9116
=650  \7$aasiakkaat$2yso/fin$0http://www.yso.fi/onto/yso/p3294
=650  \7$aasiantuntijat$2yso/fin$0http://www.yso.fi/onto/yso/p12104
=650  \7$abasservice$2yso/swe$0http://www.yso.fi/onto/yso/p1284
=650  \7$aexperter$2yso/swe$0http://www.yso.fi/onto/yso/p12104
=650  \7$ahälso- och sjukvård$2yso/swe$0http://www.yso.fi/onto/yso/p2658
=650  \7$ahälsovårdspersonal$2yso/swe$0http://www.yso.fi/onto/yso/p2366
=650  \7$akirja-arvostelut$2yso/fin$0http://www.yso.fi/onto/yso/p3537
=650  \7$akunder$2yso/swe$0http://www.yso.fi/onto/yso/p3294
=650  \7$alitteraturrecensioner$2yso/swe$0http://www.yso.fi/onto/yso/p3537
=650  \7$aperuspalvelut$2yso/fin$0http://www.yso.fi/onto/yso/p1284
=650  \7$asamarbete$2yso/swe$0http://www.yso.fi/onto/yso/p6334
=650  \7$asocialarbetare$2yso/swe$0http://www.yso.fi/onto/yso/p11779
=650  \7$asocialvård$2yso/swe$0http://www.yso.fi/onto/yso/p3281
=650  \7$asosiaalihuolto$2yso/fin$0http://www.yso.fi/onto/yso/p3281
=650  \7$asosiaalityöntekijät$2yso/fin$0http://www.yso.fi/onto/yso/p11779
=650  \7$aterveydenhuolto$2yso/fin$0http://www.yso.fi/onto/yso/p2658
=650  \7$aterveydenhuoltohenkilöstö$2yso/fin$0http://www.yso.fi/onto/yso/p2366
=650  \7$atyöntutkimus$2yso/fin$0http://www.yso.fi/onto/yso/p9116
=650  \7$ayhteistyö$2yso/fin$0http://www.yso.fi/onto/yso/p6334
=650  \7$ayrkesgrupper$2yso/swe$0http://www.yso.fi/onto/yso/p10139
=650  \7$aReview$2ELB-g
=651  \7$aIso-Britannia$2yso/fin$0http://www.yso.fi/onto/yso/p104990
=651  \7$aStorbritannien$2yso/swe$0http://www.yso.fi/onto/yso/p104990
=773  0\$w(FI-MELINDA)006217139$7nnas$w(FI-Arto)1386648$tSosiaaliturva. -$x0355-6565. -$dHelsinki : Huoltaja-säätiö. -$g83 (1995) : 24, s. 12-15$q0024$sSosiaaliturva (Helsinki. 1976)
=773  0\$w(FI-MELINDA)006217139$7nnas$w(FI-Arto)1386648$tSosiaaliturva. -$x0355-6565. -$g83(1995) : 24, s.12-15$sSosiaaliturva (Helsinki. 1976)
=773  0\$w(FI-MELINDA)006217139$7nnas$w(FI-Arto)1386648$tSosiaaliturva. -$x0355-6565. -$g83(1995) : 24, s.12-17$sSosiaaliturva (Helsinki. 1976)
=787  08$iArvosteltu teos:$tAsiantuntijoiden yhteistyö perusterveydenhuollossa : käsityksiä ja arkikäytäntöjä /$aKirsti Launis.
=787  08$iArvosteltu teos:$tAsiantuntijoiden yhteistyö perusterveydenhuollossa : käsityksiä ja arkikäytäntöjä$aKirsti Launis.$dHelsinki, 1994
=787  08$iArvosteltu teos:$tInterprofessional issues in community & primary health care /$aPatricia Owens, John Carrier & John Horder (eds.).
=787  08$iArvosteltu teos:$tInterprofessional issues in community & primary health care$aPatricia Owens, John Carrier & John Harder (eds.).$dChippenham, 1995
=884  \\$aAleksi(FINMARC)-Arto(MARC 21)-konversio$g20180221$qFI-ARTO$5ARTO
=960  \\$aARTO
=960  \\$aAleksi$5ARTO
=995  \\$aKansalliskirjasto$bAleksi$5ARTO$bYhte

