=LDR  01461cab a22003254i 4500
=001  a012297724
=003  FI-MELINDA
=005  20191015205417.0
=008  960103s1995\\\\fi\|||||\||||||||||0fin||
=035  \\$a(FI-MELINDA)012297724
=041  0\$afin
=080  \\$a23
=100  1\$aNikula, Raimo A.
=245  10$aKirjakatsaus /$cRaimo A. Nikula.
=336  \\$ateksti$btxt$2rdacontent
=337  \\$akäytettävissä ilman laitetta$bn$2rdamedia
=380  \\$akirja-arvostelu
=380  \\$iMajor genre$aSecondary literature$leng
=600  14$aHakonen, Tapani.$tJumalan fyysinen olemus.
=650  \7$aGud$2yso/swe$0http://www.yso.fi/onto/yso/p13849
=650  \7$aJumala$2yso/fin$0http://www.yso.fi/onto/yso/p13849
=650  \7$akirja-arvostelut$2yso/fin$0http://www.yso.fi/onto/yso/p3537
=650  \7$akosmologi$2yso/swe$0http://www.yso.fi/onto/yso/p7160
=650  \7$akosmologia$2yso/fin$0http://www.yso.fi/onto/yso/p7160
=650  \7$alitteraturrecensioner$2yso/swe$0http://www.yso.fi/onto/yso/p3537
=650  \7$aReview$2ELB-g
=773  0\$w(FI-MELINDA)000675733$7nnas$w(FI-Arto)56769$tUltra : kerran kuukaudessa ilmestyvä aikakauslehti, joka kertoo inhimillisen tiedon rajoilla olevista asioista. -$x0357-2846. -$dKylämä : Kustannus Oy Rajatieto. -$g24 (1995) : 2, s. 24$q0002$sUltra
=787  08$iArvosteltu teos:$tJumalan fyysisen olemus : Katekismus 2000$aTapani Hakonen.$d[Äänekoski], 1994
=960  \\$aARTO
=995  \\$aKansalliskirjasto$bReli$5ARTO

