=LDR  01776cab a22003854i 4500
=001  a012297726
=003  FI-MELINDA
=005  20201105220431.0
=008  960103s1995\\\\fi\|||||\||||||||||0fin||
=035  \\$a(FI-MELINDA)012297726
=041  0\$afin
=080  \\$a294
=080  \\$a299.5
=100  1\$aNikula, Raimo A.
=245  10$aKirjakatsaus /$cRaimo A. Nikula.
=336  \\$ateksti$btxt$2rdacontent
=337  \\$akäytettävissä ilman laitetta$bn$2rdamedia
=380  \\$akirja-arvostelu
=380  \\$iMajor genre$aSecondary literature$leng
=630  04$aMystiikan maailma.
=650  \7$aitämainen filosofia$2yso/fin$0http://www.yso.fi/onto/yso/p3109
=650  \7$akirja-arvostelut$2yso/fin$0http://www.yso.fi/onto/yso/p3537
=650  \7$alitteraturrecensioner$2yso/swe$0http://www.yso.fi/onto/yso/p3537
=650  \7$areligion och religioner$2yso/swe$0http://www.yso.fi/onto/yso/p2921
=650  \7$arituaalit$2yso/fin$0http://www.yso.fi/onto/yso/p1251
=650  \7$aritualer$2yso/swe$0http://www.yso.fi/onto/yso/p1251
=650  \7$auskonto ja uskonnot$2yso/fin$0http://www.yso.fi/onto/yso/p2921
=650  \7$aösterländsk filosofi$2yso/swe$0http://www.yso.fi/onto/yso/p3109
=650  \7$aReview$2ELB-g
=651  \7$aAasia$2yso/fin$0http://www.yso.fi/onto/yso/p105024
=651  \7$aAsien$2yso/swe$0http://www.yso.fi/onto/yso/p105024
=773  0\$7nnas$w(FI-MELINDA)000675733$w(FI-Arto)56769$tUltra : kerran kuukaudessa ilmestyvä aikakauslehti, joka kertoo inhimillisen tiedon rajoilla olevista asioista. -$x0357-2846. -$dKylämä : Kustannus Oy Rajatieto. -$g24 (1995) : 2, s. 24$q0002$sUltra
=787  08$iArvosteltu teos:$tMystiikan maailma : arvotuksellinen itä$asuom. Tuulikki Ahlbeck, 1992
=960  \\$aARTO
=995  \\$aKansalliskirjasto$bReli$5ARTO

