=LDR  01440cab a22003614i 4500
=001  a012297727
=003  FI-MELINDA
=005  20191015205422.0
=008  960103s1995\\\\fi\|||||\||||||||||0fin||
=035  \\$a(FI-MELINDA)012297727
=041  0\$afin
=080  \\$a232.9
=080  \\$a291.64
=080  \\$a294.55
=100  1\$aAho, Markku.
=245  10$aKirjakatsaus /$cMarkku Aho.
=336  \\$ateksti$btxt$2rdacontent
=337  \\$akäytettävissä ilman laitetta$bn$2rdamedia
=380  \\$akirja-arvostelu
=380  \\$iMajor genre$aSecondary literature$leng
=600  04$aJeesus.
=600  04$aJesus.
=600  04$aSai Baba.
=600  14$aLaurila, Timo.$tPäällään seisova Jeesus.
=650  \7$aRaamatun henkilöt$2yso/fin$0http://www.yso.fi/onto/yso/p9133
=650  \7$abibliska personer$2yso/swe$0http://www.yso.fi/onto/yso/p9133
=650  \7$akirja-arvostelut$2yso/fin$0http://www.yso.fi/onto/yso/p3537
=650  \7$alitteraturrecensioner$2yso/swe$0http://www.yso.fi/onto/yso/p3537
=650  \7$aReview$2ELB-g
=773  0\$w(FI-MELINDA)000675733$7nnas$w(FI-Arto)56769$tUltra : kerran kuukaudessa ilmestyvä aikakauslehti, joka kertoo inhimillisen tiedon rajoilla olevista asioista. -$x0357-2846. -$dKylämä : Kustannus Oy Rajatieto. -$g24 (1995) : 2, s. 24-25$q0002$sUltra
=787  08$iArvosteltu teos:$tPäällään seisova Jeesus$aTimo Laurila.$d[Hki], 1994
=960  \\$aARTO
=995  \\$aKansalliskirjasto$bReli$5ARTO
